3925 5742
521 803 570 854 100
1012 797 1156 852 HERONIS

520 955 560 1022 τὸ
580 953 726 1040 ἐμβαδὸν
746 954 806 1020 τοῦ
826 950 994 1041 τριγώνου.
1038 949 1122 1037 ὸμοῦ
1143 950 1202 1016 καὶ
1223 947 1327 1015 πάλιν
1349 943 1550 1038 ἀμφοτέρων
1567 943 1633 1009 τῶν

520 1054 697 1144 τμημάτων
722 1055 762 1121 τὸ
787 1053 933 1140 ἐμβαδὸν
960 1049 1114 1137 σχοινίων
1133 1050 1222 1142 ρμὸ’·
1248 1043 1294 1118 ών
1314 1051 1353 1118 τὸ
1373 1047 1476 1138 ἥμισύ
1498 1039 1633 1116 ἐστινὸ

521 1155 696 1242 μοδισμύς.

482 1298 495 1337 ι
610 1257 656 1329 Τὸ
676 1259 982 1350 παραλληλογράμμου
994 1257 1148 1328 διτλάσιύν
1160 1265 1223 1328 ἐστι
1235 1260 1287 1327 τού
1299 1256 1474 1344 ὀρθογωνίου
1485 1252 1631 1342 τριγώνου.

467 1371 507 1433 66
612 1362 799 1450 Τραπέζιον
826 1358 1034 1448 ὀρθογώνιον
1058 1363 1098 1429 τὸ
1125 1360 1206 1429 αότὸ
1234 1358 1464 1449 διαιρούμενον
1491 1353 1541 1436 είς
1572 1353 1667 1423 δύου

521 1461 663 1553 τρίγωνα
690 1463 850 1553 οκαληνά,
880 1455 924 1530 ὧν
949 1464 990 1531 τὸ
1010 1460 1045 1530 ’ἐν
1066 1460 1287 1552 ὀρθογώνιον,
1314 1462 1354 1529 τὸ
1376 1460 1413 1527 δὲ
1435 1458 1548 1548 ἕτερον
1569 1453 1634 1542 άμ-

482 1590 495 1629 ι
522 1564 709 1653 βλυγώνιον.
752 1562 773 1655 ἦ
795 1565 896 1652 βάσις
917 1567 975 1633 τού
997 1562 1201 1652 ὀρθογωνίου
1223 1561 1382 1654 τριγώνου
1405 1559 1560 1646 σχοινίων
1576 1559 1633 1644 ις’,

521 1667 542 1757 ἦ
565 1670 651 1757 πρὸς
672 1665 785 1756 ὀρθάς·
802 1665 903 1734 αύτοῦ
925 1665 1079 1750 σχοινίων
1101 1666 1160 1754 ιβ’,
1183 1668 1241 1735 καί
1261 1663 1282 1756 ἦ
1301 1662 1525 1734 ύττατιίνοοσα
1539 1687 1635 1748 σχοι-

522 1767 600 1838 νίων
621 1770 662 1837 κ’.
706 1771 746 1838 τὸ
766 1768 869 1858 ἥμισυ
891 1777 952 1859 τῆς
973 1765 1224 1858 βάσεωςῆγουν
1237 1770 1280 1836 τά
1296 1765 1384 1836 ὀκτιὸ
1398 1768 1634 1835 πολυπλασια-

526 1873 644 1958 ζύμενα
670 1870 731 1940 ἐπὶ
757 1874 800 1939 τοὶ
827 1872 876 1959 ιβ’
901 1875 960 1962 τῆς
988 1872 1072 1962 πρὸς
1099 1867 1208 1959 ὀρθὸς
1235 1869 1381 1959 γίνονται
1409 1871 1465 1958 (ᾖς’
1493 1869 1552 1936 καί
1575 1871 1634 1958 δη-
1654 1880 1683 1929 10

483 2006 496 2045 ι
524 1972 619 2042 λούσι
650 1975 689 2042 τὸ
724 1974 872 2062 ἐμβαδὸν
903 1976 961 2042 τοῦ
988 1973 1192 2063 ὀρθογωνίου
1218 1973 1389 2063 τριγώνου.
1437 1972 1458 2063 ἦ
1486 1970 1635 2040 ἐλάσσων

525 2077 650 2166 πλευρά
680 2079 739 2145 τοῦ
771 2074 999 2164 ὀμβλυγωνίου
1026 2074 1186 2167 τριγώνου
1214 2075 1368 2159 σχοινίων
1396 2073 1497 2144 ὀκτώ·
1531 2075 1635 2140 ταῦτα

525 2176 587 2267 ἐφ’
615 2175 717 2244 ἑαυτὸ
743 2175 888 2266 γίνονται
915 2178 977 2261 ξδ’.
1021 2177 1040 2269 ἡ
1068 2178 1168 2265 βάσις
1196 2178 1350 2263 σχοινίων
1377 2178 1418 2244 κ’·
1446 2177 1552 2245 ταῦτα
1579 2170 1634 2263 ἐφ’

524 2277 627 2383 Ιἑαυτὸ
649 2278 793 2367 γίνονται
814 2277 856 2348 v'.
902 2278 921 2348 ὸ
944 2280 981 2349 δὲ
1005 2283 1305 2367 πολυπλασιασμὸς
1325 2281 1384 2369 τῆς
1406 2277 1519 2369 ἑτέρας
1533 2278 1635 2344 τελευ-

485 2412 499 2450 ι
526 2384 585 2470 ρᾶς
607 2381 671 2471 ση’.
716 2376 820 2471 εύρεῒν
842 2381 944 2452 αὐτοῦ
964 2384 1024 2474 τὸν
1045 2383 1203 2467 κάθετον·
1226 2383 1347 2464 σύνθες
1360 2384 1418 2450 τὸν
1432 2384 1490 2472 τῆς
1503 2380 1634 2468 βάσεως
1653 2397 1680 2448 15

526 2486 827 2570 πολυπλασιασμὸν
859 2487 918 2552 καὶ
944 2493 1003 2576 τῆς
1029 2489 1111 2572 μιᾶς
1134 2494 1200 2553 τῶν
1226 2488 1376 2574 πλευρῶν
1409 2482 1509 2574 ἤγουν
1533 2483 1578 2549 τά
1605 2479 1635 2548 α’

526 2588 583 2652 καί
608 2586 650 2652 τά
677 2584 742 2674 ου’·
771 2585 917 2671 γίνονται
943 2587 1007 2677 χη’·
1037 2585 1098 2678 ἀφ’
1127 2578 1173 2655 ὧν
1199 2586 1337 2670 ὸνιὲξελε
1363 2587 1421 2654 τὸν
1447 2593 1507 2675 τῆς
1527 2582 1638 2670 ἑτέρας

527 2689 670 2775 πλευρᾶς
692 2689 993 2776 πολυπλασιασμὸν
1014 2687 1114 2781 ἤγουν
1134 2691 1177 2757 τά
1200 2690 1263 2772 ξδ’·
1286 2689 1393 2757 λοιποὶ
1414 2687 1509 2778 φμδ’·
1532 2679 1578 2753 τὸν
1599 2686 1636 2752 τὸ

525 2787 628 2879 ἥμισυ
653 2787 780 2876 γίνεται
801 2791 887 2877 σοβ’·
915 2794 1018 2860 ταῦτα
1039 2792 1237 2883 μεριζόμενα
1258 2793 1352 2882 παρὰ
1373 2792 1416 2859 τὸ
1438 2791 1472 2857 κ’
1494 2792 1554 2879 τῆς
1575 2787 1638 2875 βά-

527 2915 610 2971 σεως
632 2890 780 2979 γίνονται
802 2893 847 2981 ιγ’
868 2902 889 2962 8
912 2894 955 2962 ι”·
982 2893 1078 2962 ἔσται
1101 2889 1158 2963 ούν
1179 2892 1198 2983 ἡ
1221 2897 1342 2981 μείζων
1363 2892 1464 2982 βάσις
1485 2890 1637 2977 σχοινίων
1655 2907 1683 2957 20

488 3023 501 3062 ι
529 2994 703 3063 τοσούτων.
749 2994 873 3082 ὁμοίως
894 2997 1015 3078 σύνθες
1035 2998 1078 3064 τὸ
1099 2996 1133 3064 v'
1153 2999 1211 3087 τῆς
1231 2998 1361 3084 βάσεως
1381 2996 1440 3064 καί
1453 2997 1497 3062 τὸ
1512 2994 1567 3077 ξδ’
1581 2997 1639 3083 τῆς

527 3095 704 3176 ἐλάσσονος
734 3099 891 3186 πλευρᾶς·
926 3099 1073 3186 γίνονται
1099 3100 1185 3180 υξδ’·
1219 3097 1289 3167 άπὸ
1317 3098 1439 3167 τούτων
1467 3095 1572 3187 ὀίφελε
1597 3097 1638 3163 τὸ

527 3198 585 3290 ση’
606 3201 665 3289 τῆς
685 3197 796 3286 ἑτέρας
817 3203 975 3290 πλευροῖς·
999 3201 1107 3269 λοιπά
1128 3200 1209 3282 σνς’·
1232 3195 1277 3268 ὧν
1297 3200 1400 3290 ἥμισυ
1416 3198 1542 3287 γίνεται
1556 3197 1637 3288 ρκη’·

526 3309 631 3369 ταῦτα
652 3301 851 3389 μεριζόμενα
873 3302 998 3389 ὁμοίως
1020 3303 1114 3392 παρά
1139 3304 1182 3370 τὸ
1203 3302 1236 3369 κ’
1257 3305 1317 3392 τῆς
1338 3301 1469 3388 βάσεως
1492 3299 1638 3389 γίνονται

528 3403 560 3484 ς’
582 3403 623 3490 γ”
647 3403 710 3470 ιε’·
738 3401 833 3472 ἔσται
858 3407 917 3472 καί
944 3402 964 3494 ἡ
993 3404 1137 3473 ἐλάττων
1162 3405 1263 3493 βάσις
1290 3404 1443 3488 σχοινίων
1464 3405 1499 3486 ς’
1521 3404 1582 3472 καί
1603 3401 1636 3470 ε’
1656 3417 1684 3466 25

488 3534 501 3572 ο
530 3503 572 3570 ε”
594 3504 638 3590 β’.
682 3512 786 3572 ταῦτα
808 3503 864 3596 ἐφ’
887 3505 989 3574 ἑαυτά
1012 3489 1158 3593 γίνονται
1179 3507 1321 3593 μονάδες
1341 3508 1587 3595 τεσσαράκοντα
1603 3503 1637 3572 ε’

530 3603 570 3672 ε”
597 3605 630 3671 δ’
656 3607 714 3673 καὶ
742 3606 774 3673 δ’
802 3608 838 3674 ε”
866 3608 903 3675 ε’
930 3611 996 3676 τῶν
1022 3608 1059 3676 ε”
1086 3608 1133 3676 ε”·
1160 3611 1264 3676 ταῦτα
1294 3604 1374 3697 ἆρον
1396 3608 1466 3676 α’ττὸ
1488 3610 1555 3676 τῶν
1576 3607 1636 3689 ξδ’·

529 3707 650 3774 λοιπαὶ
676 3707 818 3792 μονάδες
845 3709 898 3797 κγ’
924 3711 983 3777 καί
1006 3710 1044 3779 ε’
1065 3711 1106 3779 τὸ
1127 3710 1173 3777 ε”·
1202 3703 1248 3777 ὧν
1270 3712 1396 3799 πλευρά
1416 3710 1637 3799 τετραγωνικὴ

490 3834 502 3872 τ
531 3808 655 3896 γίνεται
683 3809 716 3875 δ’
743 3816 764 3876 8
791 3809 828 3877 ε”
857 3809 900 3877 ι”·
928 3811 1092 3880 τοσούτων
1118 3813 1312 3900 σχοινίωνῆ
1335 3810 1488 3891 κάθετος.
1534 3810 1638 3877 πάλιν

528 3910 572 3977 τὸ
595 3909 640 3997 ιγ’
662 3916 683 3976 8
706 3909 740 3976 ι”
762 3908 820 4001 ἐφ’
841 3909 941 3979 ἑαυτά
963 3913 1110 3999 γίνονται
1131 3914 1271 3998 μονάδες
1297 3913 1381 4004 ρνιδ’
1403 3913 1440 3979 ε’
1463 3912 1500 3980 ε’
1523 3913 1559 3980 δ’
1581 3912 1639 3979 καί
1658 3935 1686 3984 30

530 4012 563 4079 δ’
591 4010 628 4078 ε’
656 4011 693 4078 ε’
719 4019 783 4079 τῶν
810 4013 847 4080 ε’
869 4015 916 4081 ε”·
942 4024 1047 4083 ταῦτα
1074 4013 1213 4105 ὀφαίρει
1240 4013 1311 4085 ἀπὸ
1336 4023 1401 4082 τῶν
1428 4015 1492 4104 ση’·
1519 4014 1639 4082 λοιπαὶ

528 4112 668 4198 μονάδες
693 4113 745 4200 κγ’
771 4116 830 4182 καὶ
857 4115 895 4183 ε”
916 4117 955 4184 τὸ
978 4117 1025 4183 ε”·
1054 4109 1099 4183 ὧν
1121 4119 1247 4205 πλευρὰ
1270 4119 1489 4207 τετραγωνική
1511 4115 1638 4204 γίνεται

529 4212 653 4301 ὁμοίως
675 4215 708 4281 δ’
728 4222 750 4282 8
771 4216 808 4284 ε”
832 4215 877 4284 ι”·
900 4216 996 4286 ἔσται
1018 4211 1074 4286 ούν
1095 4216 1116 4307 ἦ
1135 4218 1279 4298 κάθετος
1299 4219 1453 4303 σχοινίων
1467 4218 1638 4313 τοσούτων.

543 4376 731 4386 -..-.-......-...,.

598 4458 622 4508 2.
640 4453 711 4510 δ”ὓ
798 4459 822 4509 9.
839 4455 875 4510 δ”
889 4460 910 4510 D
979 4455 1007 4526 η’
1021 4461 1042 4510 D
1124 4459 1163 4511 12.
1181 4461 1239 4525 τοῦ]
1251 4460 1332 4528 τῇςῦ
1400 4458 1464 4527 ηἸ)
1536 4462 1576 4512 17.
1595 4461 1641 4527 τῆς

532 4537 614 4587 0111.Ι)
685 4539 724 4591 19.
743 4539 760 4590 δ
765 4536 781 4557 ”
793 4541 814 4590 D
883 4541 924 4591 23.
943 4536 1015 4592 δ”Β
1078 4541 1120 4591 25.
1139 4558 1163 4593 ιε
1170 4537 1194 4608 ”]
1208 4538 1258 4594 κε”
1271 4543 1292 4592 D
1349 4542 1389 4594 26.
1406 4538 1442 4613 μ’
1454 4542 1476 4592 D
1529 4543 1571 4595 28.
1585 4543 1639 4606 καί]

530 4612 565 4668 ε”
578 4617 599 4668 1)
668 4619 709 4670 31.
728 4617 784 4686 ου’]
799 4622 866 4673 cxl]
936 4623 977 4674 ³3.
997 4624 1044 4674 καὶ
1055 4632 1114 4675 σοῖο
1127 4621 1206 4674 ἔσται
1217 4625 1273 4676 add.
1288 4624 1309 4673 D
