3925 5742
509 739 543 791 ει
995 731 1143 798 νιιιεοιιιει

512 891 549 960 δέ
569 889 716 970 κάθετος
736 886 891 974 μονάδων
913 885 967 969 ιε’,
988 887 1028 954 τὸ
1052 885 1089 952 δέ
1108 883 1258 971 έμβαδὸν
1279 883 1429 970 μονάδων
1443 881 1515 972 ρκζ’·
1537 877 1619 972 ἡμί-

512 1017 596 1074 σεος.
639 990 742 1078 εὑρεῖν
768 989 861 1070 ἐντὸς
886 990 945 1058 τού
972 988 1126 1057 τοιούτου
1148 987 1305 1075 τριγώνου
1326 987 1524 1078 τετράγωνον
1545 981 1622 1054 ίσύ-

471 1131 484 1169 ν
511 1097 665 1184 πλευρον·
687 1092 832 1184 ποίησον
854 1091 972 1173 οὕτως·
999 1091 1120 1171 σύνθες
1140 1090 1242 1177 βάσιν
1261 1091 1323 1159 καί
1346 1089 1493 1159 κάθετον
1520 1083 1623 1176 ἤγουν

512 1196 558 1279 ιζ’
585 1196 644 1264 καί
668 1196 726 1265 ιε’·
755 1194 902 1283 γίνονται
928 1194 993 1282 W·
1025 1187 1099 1262 εἶτα
1126 1192 1405 1263 πολυπλασίασον
1430 1193 1492 1283 τήν
1519 1189 1623 1278 βάσιν

511 1299 570 1369 ἐντί
590 1299 650 1388 τὴν
671 1299 826 1381 κάθετον,
847 1299 996 1367 τουτέστι
1019 1299 1064 1380 ιζ’
1086 1293 1147 1366 int
1170 1297 1226 1364 ιε’·
1247 1293 1391 1384 γίνονται
1415 1293 1491 1364 σνε’·
1515 1294 1657 1383 ναῦται

510 1400 648 1488 μέρισον
677 1400 838 1487 παρὸντὸ
864 1399 928 1486 W·
956 1396 1104 1487 γίνονται
1133 1399 1162 1481 ζ’
1187 1405 1209 1466 8
1237 1399 1278 1467 δ”
1306 1398 1348 1489 η’
1371 1398 1426 1481 ις’
1447 1396 1521 1485 W,
1543 1391 1622 1487 ἤτοι

510 1502 652 1587 μονάδες
684 1499 773 1570 ἑπτά
804 1501 862 1570 καί
891 1502 947 1568 λα’
975 1501 1039 1589 W
1065 1501 1137 1587 W·
1166 1499 1325 1570 τοσούτου
1354 1498 1505 1589 ἀριθμοῦ
1530 1495 1622 1567 ἔστιν

512 1603 633 1694 ἑκάστη
661 1605 789 1694 πλευρά
813 1611 872 1672 τού
892 1603 1103 1695 τετραγώνου.
1147 1604 1252 1672 ταῦτα
1272 1599 1330 1693 ἐφ’
1353 1600 1453 1672 ἑαυτὸ
1476 1597 1621 1692 γίνονται

474 1741 489 1780 ι
513 1706 655 1792 μονάδες
676 1706 727 1793 ξγ’
748 1712 769 1772 S
790 1705 848 1773 καί
868 1705 932 1792 λβ”
953 1706 993 1774 τὸ
1015 1706 1079 1794 λβ”
1101 1702 1177 1797 ἤτοι
1192 1704 1287 1794 ,ακδ”
1300 1706 1358 1794 τῆς
1370 1704 1523 1790 μονάδος.
1554 1724 1623 1769 νιο-

512 1807 796 1890 λυνιλασιάζανται
823 1809 861 1876 δέ
888 1807 1020 1889 οὕτως’.
1036 1808 1066 1891 ζ’
1094 1809 1123 1891 ζ’
1149 1807 1224 1895 μθ’·
1252 1807 1310 1877 καὶ
1333 1805 1477 1887 ἑπτάκις
1502 1805 1546 1873 τά
1567 1803 1621 1871 λα’
1643 1820 1674 1871 10

513 1909 577 1998 W
598 1909 663 1997 W
685 1911 755 1993 σιζ’
776 1910 839 1997 W
860 1910 933 1998 W·
956 1912 1014 1979 καί
1035 1911 1090 1979 λα’
1112 1911 1176 1998 W
1198 1911 1261 1998 W
1282 1911 1348 1977 τών
1370 1906 1456 1977 ἔτιτὸ
1470 1905 1624 1994 μονάδων

513 2013 581 2094 σιζ’
609 2013 672 2099 W
694 2013 764 2099 W·
793 2013 852 2081 καί
873 2013 927 2080 λα’
948 2013 1011 2101 W
1033 2014 1094 2101 W
1115 2020 1182 2082 τών
1202 2013 1257 2081 λα’
1278 2013 1342 2099 W
1363 2010 1433 2099 W
1448 2008 1623 2094 ίῙδξα’.λβ’

513 2114 577 2199 W
604 2117 669 2181 τῶν
694 2114 756 2200 W
782 2115 855 2202 W,
883 2116 1039 2204 γινόμενα
1065 2116 1124 2185 καί
1151 2118 1255 2183 ταῦτα
1276 2114 1340 2200 W
1362 2112 1422 2201 W
1444 2111 1624 2202 τριάκοντα

513 2218 573 2284 καὶ
600 2216 662 2302 W
687 2217 728 2285 τὸ
754 2217 827 2304 λβ”·
851 2216 937 2304 ὁμσῦ
958 2219 1099 2305 μονάδες
1119 2214 1455 2308 τεσσαρακονταεννέσ
1475 2214 1538 2301 W
1559 2213 1623 2300 W

515 2317 589 2400 υξδ’
611 2319 669 2387 καί
690 2319 752 2406 W
773 2321 813 2389 τὸ
833 2320 906 2408 W,
929 2322 1086 2409 γινόμενα
1106 2321 1165 2389 καί
1179 2321 1291 2387 ταῦτα
1311 2317 1452 2405 μονάδες
1467 2317 1515 2385 ιδ’
1529 2322 1550 2384 8
1563 2314 1624 2385 καί
1645 2335 1676 2385 15

514 2419 577 2507 W
603 2423 643 2490 τὸ
670 2421 741 2507 W,
769 2419 845 2512 ἤτοι
871 2425 914 2491 τὸ
942 2422 1006 2493 δία
1029 2422 1173 2510 μονάδες
1198 2421 1250 2509 ξγ’
1278 2429 1298 2488 8
1323 2422 1382 2490 καί
1402 2419 1466 2507 λβ”
1483 2419 1527 2489 ,τὸ
1548 2418 1622 2504 λβ”·

514 2527 670 2592 τοσοῦτον
689 2526 729 2592 τὸ
751 2523 896 2611 ἐμβαδὸν
915 2529 976 2595 τού
998 2526 1210 2614 τετραγώνου.

474 2659 488 2697 ι
604 2626 677 2693 Τῶν
701 2623 798 2695 ἔνθεν
825 2625 982 2698 κόκεῖθεν
1007 2632 1067 2698 τοῦ
1092 2625 1296 2720 τετραγώνου
1327 2627 1386 2696 δύο
1412 2623 1625 2717 ὀρθογωνίων

514 2727 680 2817 τριγώνων
711 2729 751 2797 τὸ
782 2729 928 2818 ἐμβαδὸν
954 2730 1073 2822 εὑρεῖν·
1107 2728 1251 2821 ποίησον
1276 2728 1392 2810 οὕτως·
1421 2726 1524 2820 άφελε
1552 2724 1626 2796 άνιὸ

515 2831 574 2921 τῆς
595 2831 724 2917 βάσεως
744 2832 801 2900 τὸν
821 2829 968 2920 ὀριθμὸν
988 2835 1047 2924 τῆς
1064 2835 1123 2903 τοδ
1137 2832 1340 2924 τετραγώνου
1360 2835 1506 2922 πλευρᾶς
1523 2826 1625 2920 ἤγουν
1645 2845 1677 2898 20

514 2932 664 3021 μονάδας
690 2934 719 3017 ζ’
745 2936 803 3003 καὶ
825 2936 886 3002 λα’
907 2936 970 3022 W
992 2937 1066 3023 W·
1092 2937 1151 3005 καί
1173 2935 1320 3028 εὑρήσεις
1340 2938 1401 3016 τὰς
1422 2933 1541 3022 βάσεις
1559 2935 1628 3001 τών

516 3035 576 3105 δύο
602 3033 816 3125 ὀρθογωνίων
843 3037 1009 3125 τριγώνων
1034 3039 1185 3126 μονάδων
1212 3039 1302 3108 ἐννέα
1328 3039 1384 3106 καί
1411 3034 1626 3123 λεπτοῦ·’λβ’

515 3135 601 3220 ὲνύς·
624 3139 748 3208 τούτων
767 3142 814 3209 τὸ
827 3139 931 3232 ἥμισυ
953 3139 1080 3229 γίνεται
1099 3142 1243 3229 μονάδες
1264 3142 1298 3210 δ’
1321 3143 1379 3209 καὶ
1401 3141 1452 3228 ίγ’
1475 3139 1536 3222 ξδ’
1551 3139 1625 3222 ξδ’·

516 3241 674 3310 τοσούτου
702 3238 853 3332 ὀριθμοῦ
880 3243 971 3314 ἐστιν
996 3242 1017 3336 ἦ
1042 3243 1143 3331 βάσις
1163 3243 1235 3324 ένὸς
1256 3241 1396 3313 ἑκάστου
1418 3240 1627 3334 ὀρθογωνίου

516 3344 685 3432 τριγώνου.
1037 3395 1040 3400 -
1646 3357 1675 3407 ει

477 3474 490 3513 ε
601 3443 727 3528 ’Άλλως
757 3447 777 3539 ἦ
811 3451 960 3536 μέθοδος
987 3447 1037 3531 είς
1061 3451 1101 3518 τὸ
1128 3447 1220 3519 αότό.
1263 3450 1355 3538 λάβεν
1372 3450 1412 3517 τὸ
1438 3445 1542 3539 ἥμισυ
1569 3454 1628 3537 τῆς

518 3548 594 3638 ὅλης
620 3550 751 3636 βάσεως
776 3561 836 3621 τοῦ
859 3552 1035 3643 τριγώνου·
1065 3551 1210 3641 γίνονται
1236 3552 1378 3640 μονάδες
1399 3548 1486 3619 ὀκτώ
1499 3545 1626 3639 ἤμεσε·

516 3653 620 3719 ταῦτα
646 3650 783 3740 μέρισον
811 3656 972 3746 παρὸντὸ
1000 3654 1044 3725 ιε’
1068 3657 1128 3746 τῆς
1152 3654 1313 3723 καθέτου·
1342 3653 1487 3742 γίνονται
1513 3657 1535 3719 8
1563 3651 1625 3721 ιε’·

517 3754 557 3822 τὸ
578 3759 599 3820 8
623 3753 676 3820 ιε’
698 3758 758 3845 τῆς
778 3760 837 3825 τού
857 3761 1062 3851 τετραγώνου
1084 3762 1228 3849 νιίενράς
1248 3755 1349 3847 ἤγουν
1369 3758 1433 3825 τῶν
1454 3753 1542 3824 ἓνττὸ
1563 3780 1628 3842 μο-
1660 3757 1664 3762 ’

518 3855 626 3924 κάδων
646 3858 705 3926 καί
725 3860 780 3926 λα’
802 3861 866 3950 W
887 3864 951 3949 W
970 3863 1116 3952 γίνονται
1131 3861 1274 3948 μονάδες
1288 3859 1395 3929 δ’-καὸ
1409 3859 1462 3946 λγ’
1478 3857 1539 3940 ξδ’
1555 3856 1625 3940 ξδ’.
1646 3875 1674 3925 θ)

478 3989 491 4030 ε
602 3958 656 4028 Αί
677 3962 835 4052 τέσσαρες
854 3966 997 4051 μονάδες
1019 3967 1076 4051 καὶ
1097 3966 1140 4033 τὸ
1161 3964 1212 4051 λγ’
1236 3963 1297 4046 ξδ’
1313 3963 1373 4045 ξδ’
1389 3963 1628 4029 πολυπλασια-

519 4063 637 4149 ζάμενα
659 4063 720 4132 έντί
740 4067 798 4154 τὴν
818 4070 878 4136 τοῦ
898 4069 1100 4158 τετραγώνου
1123 4067 1275 4155 πλευράν,
1298 4065 1373 4156 ἥτις
1394 4063 1540 4144 κάθετός
1554 4063 1626 4133 ἐστι

518 4166 761 4235 τῶντοιούτων
783 4167 842 4237 δύο
865 4166 1077 4259 ὀρθογωνίων
1097 4169 1276 4259 τριγώνων,
1298 4169 1465 4237 τουτέστιν
1487 4165 1548 4235 ἐντί
1569 4167 1628 4246 τὰς

518 4265 604 4336 ἔτιτὸ
624 4269 771 4355 μονάδας
792 4272 849 4340 καί
870 4274 913 4339 τὸ
933 4270 1152 4364 ἑξηκονταδύο
1166 4272 1261 4354 ξδ”ξ
1285 4271 1311 4355 ”,
1327 4269 1472 4360 γίνονται
1486 4269 1628 4355 μονάδες

588 4487 649 4537 cod.
664 4486 695 4536 Α.

589 4561 750 4636 1.ἤμισυΑ
