3925 5742
780 753 873 805 LIBER
894 753 1111 806 GEEPONICUS.

599 904 712 986 Τι’νες
734 903 811 973 εἰσὶ
835 907 1087 998 παράλληλοι
1109 907 1301 993 γραμμαί,·
1519 920 1558 981 37

477 1007 691 1097 Παράλληλοι
715 1009 752 1076 δὲ
773 1010 949 1083 καλοῦνται
971 1011 1120 1098 γραμμαὶ
1142 1035 1171 1077 κ.
1187 1035 1214 1076 τ.
1229 1010 1257 1075 λ.
1282 1015 1326 1092 (V.
1341 1016 1409 1078 ibid.
1427 1017 1487 1094 71).

560 1144 672 1226 Τίνες
694 1147 738 1214 δὲ
761 1144 799 1214 αἳ
821 1144 864 1215 οὗ
887 1147 1139 1237 παράλληλοι
1162 1145 1340 1229 εδθεῖαις
1519 1153 1559 1217 38

481 1246 530 1316 Ου’
552 1249 762 1339 παράλληλοι
786 1246 920 1317 εὐθεῖαί
941 1248 1026 1318 εἰσιν
1048 1277 1076 1316 κ.
1093 1276 1120 1316 τ.
1136 1252 1163 1316 λ.
1187 1261 1199 1333 (
1226 1255 1317 1317 .ibid.
1334 1256 1396 1332 72).

356 1417 371 1464 ε
694 1388 741 1454 Τι’
764 1389 851 1456 ἐστι
873 1387 1072 1476 τριγω’νου
1095 1345 1211 1479 δψος;
1519 1394 1559 1456 39

483 1488 648 1577 Τριγώνου
672 1491 709 1559 δὲ
731 1489 820 1582 ὕψος
841 1494 990 1561 καλεῖται
1014 1519 1042 1558 κ.
1058 1518 1087 1559 τ.
1103 1492 1130 1560 λ.
1154 1498 1199 1577 (V.
1215 1496 1284 1558 ibid.
1301 1497 1363 1571 73).

441 1626 553 1707 Τίνες
580 1626 619 1696 αἱ
642 1637 718 1697 τῶν
741 1627 1039 1716 εὐθυγράμμων
1060 1631 1231 1717 στερεῶν
1253 1628 1462 1718 σχημάτων
1518 1636 1559 1698 40

840 1729 1061 1822 διαφοραῖς

483 1841 557 1900 Τῶν
580 1831 618 1900 δὲ
642 1830 883 1921 εὐθυγράμμων
904 1837 1044 1920 στερεῶν
1064 1859 1094 1899 κ.
1109 1858 1136 1899 τ.
1152 1836 1180 1899 λ.
1208 1840 1254 1917 (V.
1269 1839 1337 1900 ibid.
1353 1839 1417 1917 99).

341 1994 371 2044 ιο
763 1969 812 2037 Τί
833 1970 921 2039 ἔστι
943 1969 1138 2056 πυραμίς,·
1519 1981 1557 2041 41

478 2074 633 2160 Πυραμὶς
647 2074 707 2158 μὲν
722 2067 778 2140 οὖν
793 2073 865 2140 ἔστι
880 2081 991 2162 σχῆμα
1006 2075 1136 2162 στερεόν
1150 2100 1179 2141 κ.
1195 2099 1223 2140 τ.
1235 2075 1262 2141 λ.
1279 2079 1323 2158 (V.
1336 2079 1405 2141 ibid.
1422 2081 1504 2157 100).

493 2237 660 2344 Ἥρωνος
685 2243 909 2337 εἰσαγωγαλ
935 2249 1008 2320 τῶν
1033 2242 1400 2345 γεωμετρουμένων.
1519 2293 1560 2354 42

476 2373 527 2443 tH
544 2376 710 2457 ἐπίπεδος
731 2374 913 2464 γεωμετρία
935 2377 1129 2466 συνέστηκεν
1151 2373 1187 2442 ἔκ
1208 2401 1245 2443 τε
1265 2375 1432 2461 κλίματων
1445 2375 1504 2443 καὶ
1520 2377 1560 2440 43

395 2479 567 2545 σκοπέλων
588 2479 646 2545 καὶ
670 2480 824 2565 γραμμῶν
845 2478 904 2545 καὶ
920 2481 1047 2563 γωνιῶν
1060 2506 1089 2544 κ.
1105 2503 1133 2544 τ.
1149 2480 1176 2543 λ.
1201 2483 1245 2559 (V.
1263 2484 1366 2544 Goom.
1383 2503 1446 2564 cap.
1463 2483 1503 2559 3).

342 2597 372 2646 15
484 2582 535 2647 Τά
557 2581 595 2647 δὲ
615 2580 718 2666 μέτρα
740 2578 916 2669 ἐξηύρηται
937 2579 975 2662 ἐξ
996 2577 1218 2667 άνθρωπένων
1238 2582 1356 2663 μελῶν,
1385 2578 1504 2647 δακτά·
1521 2582 1562 2642 44

394 2684 469 2762 λου,
500 2684 702 2759 παλαιστοῦ,
732 2683 926 2770 σπιθαμῆς,
957 2683 1078 2763 ποδὸς,
1102 2681 1246 2770 πήχεως,
1268 2680 1425 2771 βήματος,
1448 2679 1505 2767 άρ-

395 2791 491 2870 γυιᾶς
511 2785 569 2852 καὶ
591 2788 731 2866 λοιπῶν,
754 2784 871 2862 καθώς
893 2782 1155 2872 προγέγραπται.

477 2883 682 2976 Ἐπειδηπερ
716 2884 749 2953 ἕν
782 2891 853 2965 τοῖς
884 2885 1040 2970 κλίμασιν
1072 2886 1232 2976 ἐκράτησέ
1262 2912 1315 2966 τις
1341 2885 1506 2977 συνήθεια
1521 2895 1561 2954 45

394 2991 465 3066 τοῖς
486 2987 657 3076 ἐγχωρίοις
677 2987 810 3074 μέτροις
830 2994 981 3073 χρᾶσθαι
1005 2987 1152 3067 ἕκαστον,
1175 2990 1232 3055 καὶ
1256 2987 1291 3056 ἐκ
1314 2992 1374 3076 τῆς
1388 2985 1507 3056 άναλο-

339 3111 373 3160 20
396 3090 472 3176 γίας
491 3093 551 3157 τοῦ
572 3093 679 3171 ποδὸς
700 3092 787 3176 πρὸς
808 3093 866 3158 τὸν
887 3093 993 3180 πῆχυν
1015 3090 1184 3172 ἐξισοῦται
1205 3091 1243 3156 τά
1257 3089 1384 3176 μέτρον.
1429 3090 1507 3157 τοά-

394 3217 460 3258 των
483 3192 520 3259 δέ
541 3190 646 3272 οὕτως
667 3191 885 3282 ἐχόντωντὴν
904 3194 1063 3280 μέτρησιν
1083 3193 1149 3257 τῶν
1163 3191 1390 3280 θεωρημάτων
1405 3217 1507 3281 ποιη-

395 3292 538 3379 σόμεθα.

481 3397 551 3463 Καὶ
573 3394 663 3464 ἔστιν
684 3397 703 3487 ἦ
725 3397 882 3490 μέτρηοις
902 3400 968 3464 τῶν
990 3396 1218 3488 θεωρημάτων
1232 3398 1316 3463 κατὰ
1330 3397 1373 3463 τά
1387 3392 1506 3463 ὑποτε-

395 3500 540 3584 ταγμένα
561 3496 675 3580 οὕτως.

470 3597 489 3625 τι
562 3608 565 3612 ν
692 3601 700 3626 ι
820 3600 830 3624 ν
865 3603 873 3625 ι
1079 3602 1086 3622 ι
1112 3599 1120 3624 ν
1228 3599 1236 3624 ι
1359 3593 1399 3627 tt
1437 3600 1446 3625 ι
1659 3602 1663 3608 ·

339 3619 374 3669 25
484 3605 581 3668 Εστω
602 3626 803 3689 τετράγωνον
818 3603 1016 3687 ισοπλευρον
1030 3628 1088 3668 και
1105 3607 1315 3688 ορθογωνιον,
1333 3627 1370 3668 ου
1385 3623 1506 3690 εκαστη
1523 3605 1563 3666 46

396 3704 523 3792 πλευρά
546 3701 608 3770 άνά
630 3704 741 3783 πόδας
764 3706 823 3789 ιβ’·
846 3702 949 3792 εὑρεῖν
971 3700 1072 3771 αὐτοῦ
1094 3705 1133 3772 τὸ
1155 3703 1315 3790 ἐμβαδάν·
1338 3706 1430 3772 ποιῶ
1451 3702 1508 3773 oii-

395 3830 474 3886 τως·
496 3807 539 3873 τά
562 3804 612 3893 ιβ’
634 3805 692 3895 ἐφ)
714 3803 816 3874 ἑαυτά
832 3805 977 3894 γίνονται
993 3807 1072 3896 ρ’μδ’
1088 3807 1207 3888 πόδες·
1230 3806 1396 3875 τοσσάτιον
1411 3803 1506 3873 ἔσται

395 3909 435 3975 τὸ
458 3907 615 3993 έμβαδόν.
645 3969 648 3975 .
999 3926 1002 3932 ’

469 4006 581 4077 ’Ἔστω
595 4012 798 4099 τετράγωνον
812 4010 1009 4099 ἰσόπλευρόν
1023 4038 1059 4079 τε
1073 4014 1130 4078 καὶ
1147 4009 1320 4096 ἰσογώνιον
1333 4009 1391 4076 καὶ
1406 4006 1507 4090 ἐχέτω
1522 4011 1563 4071 47

340 4128 375 4177 30
396 4108 537 4200 ἑκάστην
558 4115 702 4199 πλευράν
725 4117 840 4182 ποδῶν
861 4113 900 4180 ν’·
924 4114 1028 4200 εὑρεῖν
1050 4111 1149 4180 αὐτοῦ
1163 4114 1202 4179 τὸ
1216 4112 1362 4196 ἐμβαδὸν
1376 4112 1434 4176 καὶ
1448 4111 1509 4198 τήν

397 4214 589 4299 διαγώνιον·
625 4225 718 4284 ποιῶ
746 4216 863 4297 οὕτως·
898 4216 941 4282 τά
970 4215 1001 4282 ν’
1029 4212 1089 4304 ἐφ’
1117 4211 1216 4282 ἑαυτά
1245 4212 1390 4300 γίνονται
1421 4212 1506 4302 ,βῳ’·

466 4420 507 4471 26.
526 4415 619 4475 πόδας
635 4420 672 4470 nio
684 4419 722 4485 G,
734 4420 800 4488 quod
812 4429 948 4487 propteroa
962 4435 1144 4481 commemoro,
1158 4420 1213 4484 quio
1227 4397 1406 4484 plerumqueii
1421 4417 1506 4468 babet:

396 4501 594 4567 insequentibus
607 4501 697 4567 igitur,
715 4502 756 4553 nbi
774 4502 851 4552 nihii
867 4501 1007 4565 adnotabo,
1025 4500 1131 4551 formum
1143 4515 1189 4566 pei·
1202 4499 1374 4564 compendium
1387 4500 1506 4567 scriptum

397 4597 456 4632 esso
469 4582 533 4633 scito
603 4585 644 4634 27.
665 4585 705 4634 31.
724 4587 839 4651 γίνεται,
853 4582 900 4632 nisi
912 4581 999 4645 fullon,
1014 4581 1035 4632 G
1049 4583 1117 4645 (item
1130 4596 1153 4647 p.
1168 4582 1225 4645 212,
1239 4583 1264 4639 4)

1263 4668 1309 4718 14*
