3925 5742
816 782 941 840 VARIAE
959 788 1219 843 COLLECTIONES.
1522 792 1572 846 269

545 939 647 1032 ’ορθῆ
672 938 784 1027 Ιγωνία
817 939 983 1027 σόμβολόν
1014 942 1087 1010 δστι
1113 943 1173 1032 τῆς
1199 939 1340 1023 ἅκλινῶς
1366 943 1574 1034 συνεχομένης
1588 957 1628 1019 50

461 1043 627 1131 ἐνεργείας
652 1046 693 1135 τῇ
720 1041 852 1132 ίσότητι
878 1044 936 1110 καὶ
958 1041 1026 1134 όρηι
1046 1043 1105 1112 καί
1127 1041 1258 1130 πέρατι.
1303 1041 1387 1112 ὅθεν
1407 1047 1466 1114 καί
1489 1046 1574 1136 ζωῆς

462 1143 560 1214 είκῶν
581 1145 711 1233 λέγεται
732 1143 790 1212 καί
811 1147 978 1232 κρατοῦσα
998 1146 1057 1236 την
1077 1144 1237 1215 κόθοδον.
1280 1141 1465 1236 ἦκυίθετος
1478 1151 1575 1216 ποιεῖ
1611 1183 1615 1191 ·

461 1248 524 1327 τὰς
547 1244 653 1337 ὀρθός
674 1244 794 1334 γωνίας
817 1244 886 1313 δόο.
908 1287 951 1298 -
971 1246 1140 1328 Μονόδας
1160 1245 1249 1335 λέγει
1269 1249 1331 1331 τὰς
1352 1249 1604 1339 προνοητικάςε

425 1369 441 1418 5
463 1347 627 1436 ἐνεργείας
653 1348 747 1436 παρῶ
772 1349 848 1415 ῒιτοῦ
874 1345 922 1429 είς
950 1345 1040 1439 ἡμᾶς
1067 1349 1231 1428 κυκλικῶς
1250 1350 1309 1416 καί
1330 1346 1406 1417 κατ’
1428 1346 1573 1433 εόθεῒαν,

462 1448 545 1519 ὅθεν
565 1450 624 1517 καί
645 1449 685 1518 νδ
708 1447 907 1538 ἰσόπλευρον
926 1447 1085 1538 τρίγωνον
1105 1450 1270 1536 σύμβολον
1291 1452 1349 1540 τῆς
1364 1454 1473 1541 ψυχῆς
1486 1452 1575 1539 μέσα

463 1551 523 1619 δίο
554 1551 681 1619 κόκλων
712 1549 852 1634 ἐχόντων
882 1553 960 1632 τούς
992 1551 1111 1640 λόγους
1137 1559 1202 1619 τῶν
1229 1550 1402 1644 αἰσθητῶν
1428 1553 1574 1642 έπλτῆς

461 1652 563 1733 θείας
590 1655 708 1744 ψυχῆς.
757 1654 814 1720 καί
840 1651 931 1722 ἔστιν
956 1651 976 1743 ἡ
1006 1651 1124 1722 εόθεῖα
1149 1652 1314 1739 σόμβολον
1339 1663 1399 1745 τῆς
1425 1654 1575 1743 γνώσεως
1592 1687 1622 1738 ε,

463 1755 549 1822 ὅλων
571 1752 719 1842 ἀπείρως
740 1757 798 1822 καί
821 1753 984 1843 ἀορίστως
1005 1757 1196 1846 κινουμένης
1221 1782 1238 1813 ε
1260 1757 1320 1836 τὰς
1343 1757 1401 1825 δόο
1424 1753 1575 1846 όρθόςῆ

408 1872 441 1922 10
463 1857 558 1925 δυσίν
584 1855 706 1945 όρθαῒς
732 1854 794 1925 ίσα
820 1854 976 1947 ἀλλήλων.
1021 1855 1056 1925 αἱ
1082 1858 1141 1943 μέν
1169 1857 1227 1925 δόο
1249 1856 1355 1945 όρθαί
1376 1854 1470 1927 ἴδιόν
1490 1858 1572 1940 ἐστι,
1591 1874 1627 1921 ι·

461 1961 502 2027 τό
534 1961 571 2027 δέ
598 1960 691 2028 δυσίν
719 1956 841 2046 όρθαῖς
870 1959 990 2027 κοινόν.
1039 1961 1083 2027 τό
1109 1961 1170 2050 γὰρ
1198 1956 1299 2029 όίνισα
1329 1962 1423 2028 δυσίν
1452 1957 1573 2048 όρθαῒς
1610 2025 1611 2029 ,

463 2062 619 2129 δόνανται
641 2061 754 2129 ἐλθεῖν
774 2059 823 2141 είς
843 2063 901 2155 την
923 2059 1071 2152 ἰσότητα.

546 2163 622 2229 Πᾶν
644 2187 680 2248 γε
700 2164 766 2252 μην
786 2165 825 2231 τό
849 2163 1025 2250 δεδομένον
1046 2160 1130 2230 καθ’
1145 2161 1202 2230 ένα
1217 2163 1341 2231 τούτων
1358 2162 1493 2236 δέδοται
1506 2170 1573 2230 τῶν
1589 2170 1627 2230 51

461 2263 607 2351 τρόπων,
634 2259 658 2353 ἢ
681 2265 783 2332 θέσει
810 2261 833 2354 ἢ
857 2265 946 2354 λόγῳ
969 2261 997 2354 ἢ
1021 2265 1161 2353 μεγέθει
1186 2261 1210 2354 ἢ
1232 2263 1327 2334 εἴδει.
1370 2268 1409 2333 τό
1432 2265 1574 2353 μὲνγὰρ

407 2381 441 2432 15
462 2370 599 2455 σημεῖον
623 2367 722 2434 θέσει
744 2365 881 2434 δέδοται
904 2367 1015 2453 μόνον,
1038 2369 1170 2456 γραμμη
1193 2368 1232 2435 δέ
1253 2367 1312 2435 καὶ
1333 2365 1438 2435 τόλλα
1459 2370 1572 2436 πᾶσιν.

462 2464 544 2534 όταν
577 2467 637 2555 γὰρ
664 2468 808 2555 λέγωμεν
832 2471 891 2557 τὴν
918 2473 1081 2537 δοθεῖσαν
1108 2468 1229 2555 γωνίαν
1256 2467 1507 2558 εόθόγραμμον,
1533 2471 1605 2538 τδε

462 2562 554 2649 εἶδος
574 2569 710 2656 λέγομεν
733 2567 849 2638 ὁποῖον
871 2571 1009 2639 δέδοται
1030 2574 1090 2663 τῆς
1112 2570 1231 2659 γωνίας
1254 2571 1308 2640 ότι
1330 2568 1572 2662 εὐθύγραμμον,

462 2673 519 2738 ἵνα
543 2673 589 2762 μη
616 2672 760 2761 ζητῶμεν
789 2674 848 2740 διοί
874 2675 939 2739 τῶν
965 2670 1073 2740 αότῶν
1093 2673 1250 2760 μεθόδων
1270 2674 1328 2742 καί
1349 2676 1409 2763 την
1430 2699 1574 2764 περιφε-

463 2774 652 2862 ρόγραμμον
674 2771 750 2856 δίχα
772 2778 888 2859 τεμεῖν.
933 2773 1014 2842 όταν
1036 2777 1074 2843 δέ
1088 2777 1148 2844 δόο
1164 2778 1332 2845 δοθεισῶν
1346 2773 1486 2845 εὐθειῶν
1501 2773 1604 2846 ἀνί-3
1638 2818 1640 2822 ·

407 2893 442 2944 20
463 2899 531 2942 σων
544 2873 623 2943 ,όπδ
644 2882 704 2963 τῆς
724 2873 875 2960 μείζονος
888 2883 929 2967 τῇ
942 2875 1095 2946 ἐλάσσονι
1109 2876 1185 2968 ἴσην
1201 2875 1343 2968 όφελεῖν,
1358 2881 1406 2967 τῶ
1419 2879 1572 2967 μεγέθει·

465 2981 602 3046 δέδοται
630 2979 691 3065 γὰρ
718 2977 757 3045 τό
782 2979 893 3064 μεῖζον
918 2979 977 3046 καί
1003 2977 1143 3049 ἔλασσον
1168 3007 1185 3039 ε
1206 2979 1283 3049 ’ίδια
1309 2980 1572 3070 κατηγορήματα.

463 3077 544 3147 όταν
572 3080 609 3147 δέ
631 3080 787 3168 λέγωμεν,
810 3079 867 3148 ἐὰν
887 3079 1032 3172 τέσσαρα
1051 3081 1180 3171 μεγέθη
1204 3074 1406 3171 οίνόλογονῇ
1432 3108 1457 3148 ε.
1495 3079 1573 3149 όταν
1590 3104 1630 3146 ιε

465 3183 503 3252 δέ
529 3184 614 3271 πρὸς
639 3186 690 3272 τῷ
717 3181 853 3252 δοθέντι
881 3180 1008 3271 σημείῳ
1033 3191 1095 3274 χρῇ
1118 3185 1160 3273 τῇ
1187 3181 1329 3273 δοθείση
1357 3182 1477 3273 εὐθείᾳ
1497 3181 1575 3273 ίσην
1636 3249 1638 3253 ,

464 3283 600 3353 εόθεῖαν
621 3287 763 3370 θέσθαι,
784 3285 862 3354 τότε
882 3288 924 3375 τῇ
944 3285 1045 3353 θέσει
1067 3285 1201 3354 δέδοται
1223 3285 1282 3353 καί
1303 3287 1342 3353 τδ
1357 3291 1500 3374 σημεῖον,
1517 3287 1574 3353 διδ

407 3402 442 3452 25
464 3389 602 3477 καὶτῆς
624 3387 754 3468 θέσεως
776 3387 941 3478 διαφόρου
964 3387 1143 3478 δυναμένης
1165 3381 1250 3455 εἶναι
1273 3387 1331 3455 καί
1350 3386 1370 3476 ἡ
1390 3390 1572 3477 κατασκευή

534 3633 557 3684 1.
571 3635 689 3686 nonnulla
703 3635 811 3701 repetita
824 3642 883 3686 sunt
895 3651 908 3686 ε
921 3635 1006 3687 Proui.
1020 3652 1044 3703 p.
1058 3639 1089 3688 Π
1102 3637 1159 3687 inde
1171 3652 1186 3686 ε
1198 3651 1266 3686 vers.
1281 3636 1314 3688 38
1326 3645 1352 3688 et
1364 3653 1387 3702 p.
1402 3636 1443 3701 78,
1453 3636 1504 3687 alia
1513 3636 1572 3687 aliis

464 3714 574 3767 exloeis
644 3711 760 3774 δεικτικῶς
773 3717 997 3785 σννεγομένωνΒ
1066 3718 1090 3769 3.
1103 3718 1252 3787 κρατοῦσα]
1266 3719 1434 3769 κατιοῦσαδῚ
1487 3719 1512 3769 4.
1524 3713 1574 3775 τὰς

444 3793 447 3799 ’
465 3791 645 3866 όρθογωνίας
656 3798 676 3849 F
733 3799 758 3851 5.
770 3800 827 3863 τοῦ]
841 3798 880 3848 θῦ
892 3798 919 3862 Β,
932 3799 982 3849 τοῦ
994 3815 1049 3849 cum
1062 3801 1206 3866 compendio
1220 3800 1295 3850 simili
1308 3800 1346 3850 θῦ
1358 3799 1378 3849 F
1431 3799 1455 3849 7.
1468 3793 1575 3851 κύκλων

464 3877 548 3928 om.F
618 3874 745 3944 &1315ss
815 3880 855 3930 13.
873 3880 932 3930 vide
944 3878 1029 3931 ΡτοεΙ.
1043 3896 1066 3946 p.
1081 3883 1112 3932 57
1126 3881 1321 3934 indoavers.5
1390 3879 1462 3941 Πᾶν]
1475 3875 1573 3930 ’EM

532 3957 583 4011 τὸν
594 3957 703 4027 τρόπον
714 3962 755 4013 BF
836 3961 875 4013 15.
894 3964 1018 4030 σημείων
1029 3961 1056 4027 Β,
1070 3961 1126 4014 τῶν
1138 3964 1261 4029 σημείων
1273 3961 1293 4011 Ρ
1363 3957 1505 4012 δέδειαιΒ

467 4037 507 4089 16.
526 4033 572 4090 ὅτε
583 4041 619 4092 He
685 4042 834 4110 λέγομενΒ
905 4042 944 4094 18.
955 4039 996 4112 μὴ
1010 4043 1131 4110 ζητῶμεν
1139 4042 1181 4107 He,
1192 4041 1372 4110 μετρητῶμεν
1383 4040 1423 4090 BF
1477 4040 1518 4090 19.
1530 4039 1572 4090 τέ-

463 4119 543 4186 μειΒ
624 4118 694 4175 όταν
706 4121 745 4188 δὲ]
759 4117 827 4176 ὅταν
838 4124 888 4188 BF,
902 4118 948 4176 ὅτε
960 4122 992 4176 δὲ
1005 4117 1049 4175 ὅτι
1060 4124 1097 4174 Hs
1165 4119 1308 4174 δοθεισῶν
1320 4121 1404 4172 om.F
1474 4118 1517 4171 20.
1534 4121 1573 4187 τῷ

463 4202 582 4270 μεγέθει
598 4201 722 4255 δέδοται.
747 4199 850 4273 τὸγὰρ
866 4205 963 4273 μεῖζον
979 4205 1026 4256 καὶ
1042 4203 1163 4257 ἔλασσον
1179 4203 1225 4255 καλ
1242 4199 1273 4254 τὸ
1292 4203 1509 4270 πεπερασμένον
1527 4203 1574 4252 καὶ

463 4279 585 4352 ἄπειρον
596 4286 646 4336 τοῦ
657 4287 798 4354 μεγέθους
809 4284 885 4338 ἐστὶν
898 4285 959 4337 ἴδια
970 4281 1187 4354 κατηγορήματα
1198 4285 1234 4335 Hs
1302 4282 1343 4333 21.
1358 4281 1472 4333 ἔλαττον
1484 4283 1504 4333 F

464 4364 507 4416 22.
525 4365 644 4433 λέγομεν
656 4367 675 4416 Β
754 4369 869 4435 μεγέθει
882 4367 900 4416 Β
968 4373 1028 4432 post
1040 4358 1055 4436 ᾖ
1069 4367 1229 4417 exciderunt:
1242 4364 1289 4415 καὶ
1301 4360 1417 4422 ἐναλλὰξ
1428 4359 1570 4433 ἀνάλογον

465 4445 553 4511 ἔσται,
566 4445 683 4498 δέδοται
695 4443 710 4500 ὁ
724 4445 805 4506 αὐτὸς
816 4445 900 4516 λόγος
910 4446 941 4500 ἐν
952 4451 1011 4505 τοῖς
1022 4447 1134 4515 τέταρσι
1145 4446 1298 4516 μεγέθεσιν
1365 4443 1407 4495 23.
1425 4440 1497 4516 πρὸς
1508 4440 1539 4496 τό
1552 4445 1571 4494 Β

530 4523 856 4594 χρὴΒεῑ,ιιίεἰίεΙΙοι·,Ρ
925 4528 968 4580 24.
986 4527 1108 4580 θέσθεΒ
1180 4527 1226 4578 καὶ
1238 4527 1310 4578 abest
1322 4525 1353 4577 ab
1365 4526 1401 4576 ΙΙε
1477 4521 1509 4577 τὸ
1523 4539 1572 4591 ση-

463 4611 547 4677 μεῖον
560 4625 616 4661 cum
627 4611 808 4677 suprascriptis
819 4628 840 4677 ῳ
854 4610 874 4660 ii
944 4612 985 4664 25.
1005 4605 1147 4679 διάφορον
1159 4609 1200 4660 BF
