<?xml version="1.0" encoding="UTF-8"?>
<!DOCTYPE html PUBLIC "-//W3C//DTD XHTML 1.0 Transitional//EN"
    "http://www.w3.org/TR/xhtml1/DTD/xhtml1-transitional.dtd">
<html xmlns="http://www.w3.org/1999/xhtml" xml:lang="en" lang="en">
 <head>
  <title>
</title>
<meta http-equiv="Content-Type" content="text/html;charset=utf-8" />
  <meta name='ocr-system' content='tesseract 3.04.00' />
  <meta name='ocr-capabilities' content='ocr_page ocr_carea ocr_par ocr_line ocrx_word'/>
</head>
<body>
  <div class='ocr_page' id='page_1' title='image "./heronisalexandr00hultgoog/heronisalexandr00hultgoog_0317.png"; bbox 0 0 3925 5742; ppageno 0'>
   <div class='ocr_carea' id='block_1_1' title="bbox 817 803 1571 854">
    <p class='ocr_par' dir='ltr' id='par_1_1' title="bbox 817 803 1571 854">
     <span class='ocr_line' id='line_1_1' title="bbox 817 803 1571 854; baseline -0.003 0"><span class='ocrx_word' id='word_1_1' title='bbox 817 803 941 854; x_wconf 77' lang='lat' dir='ltr'><strong>VARIAE</strong></span> <span class='ocrx_word' id='word_1_2' title='bbox 960 803 1219 854; x_wconf 80' lang='lat' dir='ltr'>COLLECTIONES.</span> <span class='ocrx_word' id='word_1_3' title='bbox 1522 803 1571 852; x_wconf 75' lang='lat'><strong><em>267</em></strong></span> 
     </span>
    </p>
   </div>
   <div class='ocr_carea' id='block_1_2' title="bbox 408 950 1627 2879">
    <p class='ocr_par' dir='ltr' id='par_1_2' title="bbox 408 950 1627 2879">
     <span class='ocr_line' id='line_1_2' title="bbox 463 950 1574 1044; baseline 0 -22"><span class='ocrx_word' id='word_1_4' title='bbox 463 960 560 1024; x_wconf 85' lang='grc' dir='ltr'><strong><em>πᾶσα</em></strong></span> <span class='ocrx_word' id='word_1_5' title='bbox 593 953 711 1024; x_wconf 71' lang='grc' dir='ltr'><strong><em>εὐθεῖα</em></strong></span> <span class='ocrx_word' id='word_1_6' title='bbox 743 952 828 1023; x_wconf 71' lang='grc' dir='ltr'><strong><em>καθ’</em></strong></span> <span class='ocrx_word' id='word_1_7' title='bbox 860 953 977 1044; x_wconf 74' lang='grc' dir='ltr'><strong><em>ἑαυτήν</em></strong></span> <span class='ocrx_word' id='word_1_8' title='bbox 1009 950 1085 1023; x_wconf 83' lang='grc' dir='ltr'><strong><em>ούτε</em></strong></span> <span class='ocrx_word' id='word_1_9' title='bbox 1117 956 1196 1044; x_wconf 82' lang='grc' dir='ltr'><strong><em>ῥητή</em></strong></span> <span class='ocrx_word' id='word_1_10' title='bbox 1225 951 1300 1022; x_wconf 84' lang='grc' dir='ltr'><strong><em>οὑτε</em></strong></span> <span class='ocrx_word' id='word_1_11' title='bbox 1326 951 1447 1041; x_wconf 80' lang='grc' dir='ltr'><strong><em>άλογύς</em></strong></span> <span class='ocrx_word' id='word_1_12' title='bbox 1463 953 1574 1037; x_wconf 68' lang='grc' dir='ltr'><strong><em>ἐστιν,</em></strong></span> 
     </span>
     <span class='ocr_line' id='line_1_3' title="bbox 462 1054 1572 1146; baseline -0.004 -20"><span class='ocrx_word' id='word_1_13' title='bbox 462 1057 696 1146; x_wconf 69' lang='grc' dir='ltr'><em>συγκρινομένη</em></span> <span class='ocrx_word' id='word_1_14' title='bbox 725 1058 763 1124; x_wconf 82' lang='grc' dir='ltr'><strong><em>δὲ</em></strong></span> <span class='ocrx_word' id='word_1_15' title='bbox 788 1057 873 1145; x_wconf 88' lang='grc' dir='ltr'><strong><em>πρὺς</em></strong></span> <span class='ocrx_word' id='word_1_16' title='bbox 898 1056 1122 1124; x_wconf 76' lang='grc' dir='ltr'><strong><em>ὑποτεθεῖσαν</em></strong></span> <span class='ocrx_word' id='word_1_17' title='bbox 1148 1057 1182 1125; x_wconf 79' lang='grc' dir='ltr'><strong><em>ἓν</em></strong></span> <span class='ocrx_word' id='word_1_18' title='bbox 1209 1057 1310 1124; x_wconf 72' lang='grc' dir='ltr'><strong><em>θέσει</em></strong></span> <span class='ocrx_word' id='word_1_19' title='bbox 1337 1054 1466 1142; x_wconf 85' lang='grc' dir='ltr'><strong><em>μονάδα</em></strong></span> <span class='ocrx_word' id='word_1_20' title='bbox 1492 1057 1572 1145; x_wconf 83' lang='grc' dir='ltr'><strong><em>ῥητή</em></strong></span> 
     </span>
     <span class='ocr_line' id='line_1_4' title="bbox 464 1151 1603 1250; baseline -0.002 -23"><span class='ocrx_word' id='word_1_21' title='bbox 464 1158 488 1250; x_wconf 82' lang='grc' dir='ltr'><strong><em>ή</em></strong></span> <span class='ocrx_word' id='word_1_22' title='bbox 515 1158 636 1247; x_wconf 83' lang='grc' dir='ltr'><strong><em>άλογος</em></strong></span> <span class='ocrx_word' id='word_1_23' title='bbox 663 1158 858 1243; x_wconf 86' lang='grc' dir='ltr'><strong><em>εὑρίσκεται.</em></strong></span> <span class='ocrx_word' id='word_1_24' title='bbox 904 1157 1007 1239; x_wconf 84' lang='grc' dir='ltr'><strong><em>οὑτως</em></strong></span> <span class='ocrx_word' id='word_1_25' title='bbox 1035 1151 1091 1226; x_wconf 86' lang='grc' dir='ltr'><strong><em>οὑν</em></strong></span> <span class='ocrx_word' id='word_1_26' title='bbox 1116 1161 1174 1246; x_wconf 94' lang='grc' dir='ltr'><strong><em>τῆς</em></strong></span> <span class='ocrx_word' id='word_1_27' title='bbox 1199 1158 1402 1246; x_wconf 74' lang='grc' dir='ltr'><strong><em>τετραγώνου</em></strong></span> <span class='ocrx_word' id='word_1_28' title='bbox 1429 1159 1603 1243; x_wconf 83' lang='grc' dir='ltr'><strong><em>πλευρᾶςε</em></strong></span> 
     </span>
     <span class='ocr_line' id='line_1_5' title="bbox 463 1256 1572 1350; baseline -0.005 -20"><span class='ocrx_word' id='word_1_29' title='bbox 463 1260 689 1350; x_wconf 72' lang='grc' dir='ltr'><strong><em>ὑποτεθείσης</em></strong></span> <span class='ocrx_word' id='word_1_30' title='bbox 722 1264 821 1350; x_wconf 92' lang='grc' dir='ltr'><strong><em>ῥητῆς</em></strong></span> <span class='ocrx_word' id='word_1_31' title='bbox 851 1258 871 1348; x_wconf 88' lang='grc' dir='ltr'><strong><em>ῆ</em></strong></span> <span class='ocrx_word' id='word_1_32' title='bbox 901 1260 1077 1347; x_wconf 84' lang='grc' dir='ltr'><strong><em>διάμετρος</em></strong></span> <span class='ocrx_word' id='word_1_33' title='bbox 1104 1259 1242 1344; x_wconf 80' lang='grc' dir='ltr'><em>δυνάμει</em></span> <span class='ocrx_word' id='word_1_34' title='bbox 1271 1262 1349 1350; x_wconf 88' lang='grc' dir='ltr'><strong><em>ῥητή</em></strong></span> <span class='ocrx_word' id='word_1_35' title='bbox 1378 1256 1572 1346; x_wconf 84' lang='grc' dir='ltr'><strong><em>εὑρίσκεται,</em></strong></span> 
     </span>
     <span class='ocr_line' id='line_1_6' title="bbox 425 1355 1603 1454; baseline -0.006 -19"><span class='ocrx_word' id='word_1_36' title='bbox 425 1388 441 1436; x_wconf 82' lang='grc'><strong>5</strong></span> <span class='ocrx_word' id='word_1_37' title='bbox 463 1364 564 1454; x_wconf 84' lang='grc' dir='ltr'><em>μήκει</em></span> <span class='ocrx_word' id='word_1_38' title='bbox 586 1364 648 1450; x_wconf 84' lang='grc' dir='ltr'><strong><em>γὰρ</em></strong></span> <span class='ocrx_word' id='word_1_39' title='bbox 671 1359 789 1449; x_wconf 79' lang='grc' dir='ltr'><strong><em>άλογος</em></strong></span> <span class='ocrx_word' id='word_1_40' title='bbox 811 1359 1006 1448; x_wconf 89' lang='grc' dir='ltr'><strong><em>εὑρίσκεται.</em></strong></span> <span class='ocrx_word' id='word_1_41' title='bbox 1050 1362 1108 1429; x_wconf 81' lang='grc' dir='ltr'><strong><em>καὶ</em></strong></span> <span class='ocrx_word' id='word_1_42' title='bbox 1130 1363 1234 1428; x_wconf 81' lang='grc' dir='ltr'><strong><em>πάλιν</em></strong></span> <span class='ocrx_word' id='word_1_43' title='bbox 1250 1355 1307 1430; x_wconf 83' lang='grc' dir='ltr'><strong><em>οὑν</em></strong></span> <span class='ocrx_word' id='word_1_44' title='bbox 1321 1364 1379 1451; x_wconf 90' lang='grc' dir='ltr'><strong><em>τῆς</em></strong></span> <span class='ocrx_word' id='word_1_45' title='bbox 1394 1359 1603 1448; x_wconf 79' lang='grc' dir='ltr'><strong><em>διαμέτρουε</em></strong></span> 
     </span>
     <span class='ocr_line' id='line_1_7' title="bbox 464 1459 1574 1557; baseline -0.004 -24"><span class='ocrx_word' id='word_1_46' title='bbox 464 1469 565 1557; x_wconf 86' lang='grc' dir='ltr'><strong><em>ῥητῆς</em></strong></span> <span class='ocrx_word' id='word_1_47' title='bbox 591 1464 804 1553; x_wconf 77' lang='grc' dir='ltr'><strong><em>ὑπαρχούσης</em></strong></span> <span class='ocrx_word' id='word_1_48' title='bbox 830 1463 850 1552; x_wconf 90' lang='grc' dir='ltr'><strong><em>ή</em></strong></span> <span class='ocrx_word' id='word_1_49' title='bbox 878 1466 1006 1552; x_wconf 79' lang='grc' dir='ltr'><strong><em>πλευρὰ</em></strong></span> <span class='ocrx_word' id='word_1_50' title='bbox 1028 1467 1165 1550; x_wconf 79' lang='grc' dir='ltr'><em>δυνάμει</em></span> <span class='ocrx_word' id='word_1_51' title='bbox 1189 1466 1267 1555; x_wconf 83' lang='grc' dir='ltr'><strong><em>ῥητή</em></strong></span> <span class='ocrx_word' id='word_1_52' title='bbox 1290 1460 1446 1551; x_wconf 76' lang='grc' dir='ltr'><strong><em>ἑκατέρας</em></strong></span> <span class='ocrx_word' id='word_1_53' title='bbox 1467 1459 1574 1530; x_wconf 75' lang='grc' dir='ltr'><strong><em>αὐτῶν</em></strong></span> 
     </span>
     <span class='ocr_line' id='line_1_8' title="bbox 463 1563 1572 1656; baseline -0.002 -22"><span class='ocrx_word' id='word_1_54' title='bbox 463 1567 547 1634; x_wconf 72' lang='grc' dir='ltr'><strong><em>καθ’</em></strong></span> <span class='ocrx_word' id='word_1_55' title='bbox 581 1565 698 1656; x_wconf 76' lang='grc' dir='ltr'><strong><em>ἑαυτήν</em></strong></span> <span class='ocrx_word' id='word_1_56' title='bbox 731 1563 808 1633; x_wconf 82' lang='grc' dir='ltr'><strong><em>ούτε</em></strong></span> <span class='ocrx_word' id='word_1_57' title='bbox 835 1572 934 1656; x_wconf 84' lang='grc' dir='ltr'><strong><em>ῥητῆς</em></strong></span> <span class='ocrx_word' id='word_1_58' title='bbox 959 1564 1035 1634; x_wconf 80' lang='grc' dir='ltr'><strong><em>ούτε</em></strong></span> <span class='ocrx_word' id='word_1_59' title='bbox 1062 1564 1218 1656; x_wconf 85' lang='grc' dir='ltr'><strong><em>άρρήτου,</em></strong></span> <span class='ocrx_word' id='word_1_60' title='bbox 1245 1565 1413 1634; x_wconf 85' lang='grc' dir='ltr'><strong><em>τουτέστιν</em></strong></span> <span class='ocrx_word' id='word_1_61' title='bbox 1438 1563 1572 1652; x_wconf 80' lang='grc' dir='ltr'><strong><em>άλόγου,</em></strong></span> 
     </span>
     <span class='ocr_line' id='line_1_9' title="bbox 462 1661 1603 1757; baseline 0.001 -20"><span class='ocrx_word' id='word_1_62' title='bbox 462 1670 683 1757; x_wconf 74' lang='grc' dir='ltr'><strong><em>ὑπαρχούσης.</em></strong></span> <span class='ocrx_word' id='word_1_63' title='bbox 727 1666 829 1748; x_wconf 83' lang='grc' dir='ltr'><strong><em>οὑτως</em></strong></span> <span class='ocrx_word' id='word_1_64' title='bbox 856 1661 912 1736; x_wconf 83' lang='grc' dir='ltr'><strong><em>οὑν</em></strong></span> <span class='ocrx_word' id='word_1_65' title='bbox 938 1677 1003 1735; x_wconf 80' lang='grc' dir='ltr'><strong><em>τῶν</em></strong></span> <span class='ocrx_word' id='word_1_66' title='bbox 1030 1666 1172 1737; x_wconf 74' lang='grc' dir='ltr'><strong><em>εὐθειῶν</em></strong></span> <span class='ocrx_word' id='word_1_67' title='bbox 1198 1669 1371 1753; x_wconf 77' lang='grc' dir='ltr'><strong><em>ἐλάχιστόν</em></strong></span> <span class='ocrx_word' id='word_1_68' title='bbox 1396 1696 1433 1736; x_wconf 93' lang='grc' dir='ltr'><strong><em>τι</em></strong></span> <span class='ocrx_word' id='word_1_69' title='bbox 1458 1669 1603 1757; x_wconf 83' lang='grc' dir='ltr'><strong><em>μέτρονι</em></strong></span> 
     </span>
     <span class='ocr_line' id='line_1_10' title="bbox 462 1768 1575 1862; baseline -0.002 -23"><span class='ocrx_word' id='word_1_70' title='bbox 462 1771 673 1856; x_wconf 69' lang='grc' dir='ltr'><strong><em>ὑποθέμενοι</em></strong></span> <span class='ocrx_word' id='word_1_71' title='bbox 696 1768 832 1838; x_wconf 72' lang='grc' dir='ltr'><strong><em>εύδεῖαν</em></strong></span> <span class='ocrx_word' id='word_1_72' title='bbox 861 1771 1030 1855; x_wconf 78' lang='grc' dir='ltr'><strong><em>[μονάδων]</em></strong></span> <span class='ocrx_word' id='word_1_73' title='bbox 1055 1769 1087 1839; x_wconf 75' lang='grc' dir='ltr'><strong><em>οἳ</em></strong></span> <span class='ocrx_word' id='word_1_74' title='bbox 1110 1768 1181 1839; x_wconf 86' lang='grc' dir='ltr'><strong><em>άπὸ</em></strong></span> <span class='ocrx_word' id='word_1_75' title='bbox 1201 1774 1266 1838; x_wconf 83' lang='grc' dir='ltr'><strong><em>τών</em></strong></span> <span class='ocrx_word' id='word_1_76' title='bbox 1286 1770 1497 1861; x_wconf 69' lang='grc' dir='ltr'><strong><em>μαθημάτων</em></strong></span> <span class='ocrx_word' id='word_1_77' title='bbox 1517 1768 1575 1862; x_wconf 85' lang='grc' dir='ltr'><strong><em>ῥη-</em></strong></span> 
     </span>
     <span class='ocr_line' id='line_1_11' title="bbox 410 1870 1575 1964; baseline -0.003 -18"><span class='ocrx_word' id='word_1_78' title='bbox 410 1896 445 1946; x_wconf 88' lang='grc'><strong><em>10</em></strong></span> <span class='ocrx_word' id='word_1_79' title='bbox 465 1877 526 1963; x_wconf 87' lang='grc' dir='ltr'><strong><em>τήν</em></strong></span> <span class='ocrx_word' id='word_1_80' title='bbox 548 1870 730 1957; x_wconf 77' lang='grc' dir='ltr'><strong><em>ὠνόμαζον,</em></strong></span> <span class='ocrx_word' id='word_1_81' title='bbox 753 1873 893 1952; x_wconf 77' lang='grc' dir='ltr'><strong><em>καὶτὰς</em></strong></span> <span class='ocrx_word' id='word_1_82' title='bbox 915 1870 997 1962; x_wconf 80' lang='grc' dir='ltr'><strong><em>αὑτῇ</em></strong></span> <span class='ocrx_word' id='word_1_83' title='bbox 1017 1874 1220 1963; x_wconf 84' lang='grc' dir='ltr'><strong><em>συμμέτρους</em></strong></span> <span class='ocrx_word' id='word_1_84' title='bbox 1241 1874 1348 1964; x_wconf 88' lang='grc' dir='ltr'><strong><em>ῥητάς,</em></strong></span> <span class='ocrx_word' id='word_1_85' title='bbox 1371 1872 1495 1959; x_wconf 85' lang='grc' dir='ltr'><strong><em>ὁμοίως</em></strong></span> <span class='ocrx_word' id='word_1_86' title='bbox 1516 1875 1575 1942; x_wconf 83' lang='grc' dir='ltr'><strong><em>καί</em></strong></span> 
     </span>
     <span class='ocr_line' id='line_1_12' title="bbox 462 1973 1576 2066; baseline 0.001 -24"><span class='ocrx_word' id='word_1_87' title='bbox 462 1978 503 2044; x_wconf 88' lang='grc' dir='ltr'><strong><em>τδ</em></strong></span> <span class='ocrx_word' id='word_1_88' title='bbox 530 1973 596 2042; x_wconf 77' lang='grc' dir='ltr'><strong><em>ἄπ’</em></strong></span> <span class='ocrx_word' id='word_1_89' title='bbox 622 1973 721 2063; x_wconf 77' lang='grc' dir='ltr'><strong><em>αὑτῆς</em></strong></span> <span class='ocrx_word' id='word_1_90' title='bbox 746 1975 946 2062; x_wconf 89' lang='grc' dir='ltr'><strong><em>τετράγωνον</em></strong></span> <span class='ocrx_word' id='word_1_91' title='bbox 975 1975 1085 2065; x_wconf 88' lang='grc' dir='ltr'><strong><em>ῥητόν,</em></strong></span> <span class='ocrx_word' id='word_1_92' title='bbox 1119 1977 1177 2043; x_wconf 85' lang='grc' dir='ltr'><strong><em>καὶ</em></strong></span> <span class='ocrx_word' id='word_1_93' title='bbox 1203 1979 1245 2044; x_wconf 82' lang='grc' dir='ltr'><strong><em>τά</em></strong></span> <span class='ocrx_word' id='word_1_94' title='bbox 1273 1977 1380 2066; x_wconf 83' lang='grc' dir='ltr'><strong><em>ταύτην</em></strong></span> <span class='ocrx_word' id='word_1_95' title='bbox 1406 1975 1576 2064; x_wconf 85' lang='grc' dir='ltr'><strong><em>σύμμετρα</em></strong></span> 
     </span>
     <span class='ocr_line' id='line_1_13' title="bbox 462 2075 1575 2168; baseline 0 -23"><span class='ocrx_word' id='word_1_96' title='bbox 462 2077 570 2168; x_wconf 84' lang='grc' dir='ltr'><strong><em>χωρία</em></strong></span> <span class='ocrx_word' id='word_1_97' title='bbox 591 2077 673 2166; x_wconf 83' lang='grc' dir='ltr'><strong><em>ῥητά</em></strong></span> <span class='ocrx_word' id='word_1_98' title='bbox 694 2077 865 2157; x_wconf 79' lang='grc' dir='ltr'><strong><em>ἐκάλεσαν,</em></strong></span> <span class='ocrx_word' id='word_1_99' title='bbox 888 2077 946 2144; x_wconf 87' lang='grc' dir='ltr'><strong><em>καὶ</em></strong></span> <span class='ocrx_word' id='word_1_100' title='bbox 967 2079 1064 2166; x_wconf 85' lang='grc' dir='ltr'><strong><em>ῥητὸν</em></strong></span> <span class='ocrx_word' id='word_1_101' title='bbox 1086 2075 1211 2161; x_wconf 85' lang='grc' dir='ltr'><strong><em>ὁμοίως</em></strong></span> <span class='ocrx_word' id='word_1_102' title='bbox 1231 2079 1289 2146; x_wconf 83' lang='grc' dir='ltr'><strong><em>τδν</em></strong></span> <span class='ocrx_word' id='word_1_103' title='bbox 1311 2075 1374 2146; x_wconf 75' lang='grc' dir='ltr'><strong><em>ὑπ’</em></strong></span> <span class='ocrx_word' id='word_1_104' title='bbox 1396 2075 1498 2167; x_wconf 87' lang='grc' dir='ltr'><strong><em>αὑτῆς</em></strong></span> <span class='ocrx_word' id='word_1_105' title='bbox 1518 2078 1575 2145; x_wconf 81' lang='grc' dir='ltr'><strong><em>κύ·</em></strong></span> 
     </span>
     <span class='ocr_line' id='line_1_14' title="bbox 464 2177 1605 2269; baseline 0.004 -23"><span class='ocrx_word' id='word_1_106' title='bbox 464 2187 527 2264; x_wconf 80' lang='grc' dir='ltr'><strong><em>βου</em></strong></span> <span class='ocrx_word' id='word_1_107' title='bbox 549 2179 607 2246; x_wconf 83' lang='grc' dir='ltr'><strong><em>καί</em></strong></span> <span class='ocrx_word' id='word_1_108' title='bbox 628 2179 670 2245; x_wconf 82' lang='grc' dir='ltr'><strong><em>τὰ</em></strong></span> <span class='ocrx_word' id='word_1_109' title='bbox 690 2178 796 2268; x_wconf 82' lang='grc' dir='ltr'><strong><em>τούτῳ</em></strong></span> <span class='ocrx_word' id='word_1_110' title='bbox 817 2178 991 2266; x_wconf 86' lang='grc' dir='ltr'><strong><em>σύμμετρα</em></strong></span> <span class='ocrx_word' id='word_1_111' title='bbox 1008 2179 1133 2267; x_wconf 88' lang='grc' dir='ltr'><strong><em>στερεά.</em></strong></span> <span class='ocrx_word' id='word_1_112' title='bbox 1178 2177 1315 2269; x_wconf 84' lang='grc' dir='ltr'><strong><em>άρρητον</em></strong></span> <span class='ocrx_word' id='word_1_113' title='bbox 1338 2178 1369 2248; x_wconf 78' lang='grc' dir='ltr'><strong><em>δ’</em></strong></span> <span class='ocrx_word' id='word_1_114' title='bbox 1385 2177 1605 2261; x_wconf 81' lang='grc' dir='ltr'><strong><em>άκουστὲον,ε</em></strong></span> 
     </span>
     <span class='ocr_line' id='line_1_15' title="bbox 463 2277 1575 2371; baseline -0.001 -22"><span class='ocrx_word' id='word_1_115' title='bbox 463 2284 634 2349; x_wconf 82' lang='grc' dir='ltr'><strong><em>τουτέστιν</em></strong></span> <span class='ocrx_word' id='word_1_116' title='bbox 656 2277 784 2367; x_wconf 84' lang='grc' dir='ltr'><strong><em>δίλογον,</em></strong></span> <span class='ocrx_word' id='word_1_117' title='bbox 808 2282 938 2369; x_wconf 90' lang='grc' dir='ltr'><strong><em>στερεδν</em></strong></span> <span class='ocrx_word' id='word_1_118' title='bbox 955 2281 1018 2366; x_wconf 75' lang='grc' dir='ltr'><strong><em>μὲν</em></strong></span> <span class='ocrx_word' id='word_1_119' title='bbox 1038 2283 1078 2349; x_wconf 90' lang='grc' dir='ltr'><strong><em>τδ</em></strong></span> <span class='ocrx_word' id='word_1_120' title='bbox 1101 2278 1307 2367; x_wconf 79' lang='grc' dir='ltr'><strong><em>α’σύμμετρον</em></strong></span> <span class='ocrx_word' id='word_1_121' title='bbox 1327 2285 1375 2371; x_wconf 77' lang='grc' dir='ltr'><strong><em>τῷ</em></strong></span> <span class='ocrx_word' id='word_1_122' title='bbox 1389 2279 1460 2349; x_wconf 87' lang='grc' dir='ltr'><strong><em>άπδ</em></strong></span> <span class='ocrx_word' id='word_1_123' title='bbox 1476 2283 1575 2371; x_wconf 88' lang='grc' dir='ltr'><strong><em>ῥητῆς</em></strong></span> 
     </span>
     <span class='ocr_line' id='line_1_16' title="bbox 408 2379 1593 2473; baseline -0.005 -19"><span class='ocrx_word' id='word_1_124' title='bbox 408 2405 443 2454; x_wconf 82' lang='lat'><strong><em>15</em></strong></span> <span class='ocrx_word' id='word_1_125' title='bbox 465 2383 575 2472; x_wconf 80' lang='grc' dir='ltr'><strong><em>κύβῳ,</em></strong></span> <span class='ocrx_word' id='word_1_126' title='bbox 601 2382 765 2450; x_wconf 75' lang='grc' dir='ltr'><strong><em>ἐπίπεδον</em></strong></span> <span class='ocrx_word' id='word_1_127' title='bbox 788 2383 826 2450; x_wconf 79' lang='grc' dir='ltr'><strong><em>δὲ</em></strong></span> <span class='ocrx_word' id='word_1_128' title='bbox 846 2384 885 2450; x_wconf 90' lang='grc' dir='ltr'><strong><em>τδ</em></strong></span> <span class='ocrx_word' id='word_1_129' title='bbox 907 2379 1114 2471; x_wconf 79' lang='grc' dir='ltr'><strong><em>α’σύμμετρον</em></strong></span> <span class='ocrx_word' id='word_1_130' title='bbox 1134 2386 1181 2472; x_wconf 77' lang='grc' dir='ltr'><strong><em>τῷ</em></strong></span> <span class='ocrx_word' id='word_1_131' title='bbox 1204 2381 1274 2450; x_wconf 88' lang='grc' dir='ltr'><strong><em>άπδ</em></strong></span> <span class='ocrx_word' id='word_1_132' title='bbox 1296 2387 1394 2473; x_wconf 88' lang='grc' dir='ltr'><strong><em>ῥητῆς</em></strong></span> <span class='ocrx_word' id='word_1_133' title='bbox 1414 2382 1593 2470; x_wconf 76' lang='grc' dir='ltr'><strong><em>τετραγώ-</em></strong></span> 
     </span>
     <span class='ocr_line' id='line_1_17' title="bbox 466 2481 1605 2577; baseline 0.002 -26"><span class='ocrx_word' id='word_1_134' title='bbox 466 2512 524 2574; x_wconf 83' lang='grc' dir='ltr'><strong><em>νιμ,</em></strong></span> <span class='ocrx_word' id='word_1_135' title='bbox 546 2487 652 2573; x_wconf 89' lang='grc' dir='ltr'><strong><em>μῆκος</em></strong></span> <span class='ocrx_word' id='word_1_136' title='bbox 675 2484 722 2566; x_wconf 81' lang='grc' dir='ltr'><strong><em>δέ,</em></strong></span> <span class='ocrx_word' id='word_1_137' title='bbox 741 2483 914 2570; x_wconf 29' lang='grc' dir='ltr'><strong><em>,τουτέστιν</em></strong></span> <span class='ocrx_word' id='word_1_138' title='bbox 936 2481 1080 2566; x_wconf 76' lang='grc' dir='ltr'><strong><em>εύθεῖαν,</em></strong></span> <span class='ocrx_word' id='word_1_139' title='bbox 1104 2489 1184 2577; x_wconf 88' lang='grc' dir='ltr'><strong><em>ῥητῆ</em></strong></span> <span class='ocrx_word' id='word_1_140' title='bbox 1205 2482 1419 2573; x_wconf 88' lang='grc' dir='ltr'><strong><em>άσύμμετρον.</em></strong></span> <span class='ocrx_word' id='word_1_141' title='bbox 1462 2485 1522 2552; x_wconf 77' lang='grc' dir='ltr'><strong><em>ἐπὶ</em></strong></span> <span class='ocrx_word' id='word_1_142' title='bbox 1538 2485 1605 2553; x_wconf 74' lang='grc' dir='ltr'><strong><em>δύο</em></strong></span> 
     </span>
     <span class='ocr_line' id='line_1_18' title="bbox 463 2585 1574 2676; baseline 0.003 -24"><span class='ocrx_word' id='word_1_143' title='bbox 463 2594 530 2652; x_wconf 85' lang='grc' dir='ltr'><strong><em>τῶν</em></strong></span> <span class='ocrx_word' id='word_1_144' title='bbox 557 2586 700 2654; x_wconf 76' lang='grc' dir='ltr'><strong><em>εύθειῶν</em></strong></span> <span class='ocrx_word' id='word_1_145' title='bbox 729 2589 843 2676; x_wconf 78' lang='grc' dir='ltr'><strong><em>διττῆς</em></strong></span> <span class='ocrx_word' id='word_1_146' title='bbox 864 2586 1038 2676; x_wconf 75' lang='grc' dir='ltr'><strong><em>νοουμένης</em></strong></span> <span class='ocrx_word' id='word_1_147' title='bbox 1059 2590 1117 2676; x_wconf 91' lang='grc' dir='ltr'><strong><em>τῆς</em></strong></span> <span class='ocrx_word' id='word_1_148' title='bbox 1139 2585 1376 2676; x_wconf 81' lang='grc' dir='ltr'><strong><em>ἀσυμμετρίας,</em></strong></span> <span class='ocrx_word' id='word_1_149' title='bbox 1404 2589 1485 2673; x_wconf 80' lang='grc' dir='ltr'><strong><em>μιᾶς</em></strong></span> <span class='ocrx_word' id='word_1_150' title='bbox 1505 2587 1574 2672; x_wconf 78' lang='grc' dir='ltr'><strong><em>μέν,</em></strong></span> 
     </span>
     <span class='ocr_line' id='line_1_19' title="bbox 465 2681 1575 2776; baseline 0 -21"><span class='ocrx_word' id='word_1_151' title='bbox 465 2688 546 2755; x_wconf 79' lang='grc' dir='ltr'><strong><em>ὅταν</em></strong></span> <span class='ocrx_word' id='word_1_152' title='bbox 573 2685 673 2755; x_wconf 84' lang='grc' dir='ltr'><strong><em>αὑταὶ</em></strong></span> <span class='ocrx_word' id='word_1_153' title='bbox 702 2685 737 2755; x_wconf 80' lang='grc' dir='ltr'><strong><em>αὑ</em></strong></span> <span class='ocrx_word' id='word_1_154' title='bbox 766 2687 900 2756; x_wconf 75' lang='grc' dir='ltr'><strong><em>εύθεῖαι</em></strong></span> <span class='ocrx_word' id='word_1_155' title='bbox 922 2685 1126 2776; x_wconf 85' lang='grc' dir='ltr'><strong><em>άσύμμετροι</em></strong></span> <span class='ocrx_word' id='word_1_156' title='bbox 1149 2681 1228 2770; x_wconf 82' lang='grc' dir='ltr'><strong><em>ὦσι,</em></strong></span> <span class='ocrx_word' id='word_1_157' title='bbox 1255 2691 1298 2762; x_wconf 82' lang='grc' dir='ltr'><strong><em>τοὶ</em></strong></span> <span class='ocrx_word' id='word_1_158' title='bbox 1321 2689 1359 2756; x_wconf 76' lang='grc' dir='ltr'><strong><em>δὲ</em></strong></span> <span class='ocrx_word' id='word_1_159' title='bbox 1380 2685 1445 2756; x_wconf 76' lang='grc' dir='ltr'><strong><em>ἀπ’</em></strong></span> <span class='ocrx_word' id='word_1_160' title='bbox 1468 2687 1575 2756; x_wconf 76' lang='grc' dir='ltr'><strong><em>αὐτῶν</em></strong></span> 
     </span>
     <span class='ocr_line' id='line_1_20' title="bbox 463 2787 1627 2879; baseline -0.001 -23"><span class='ocrx_word' id='word_1_161' title='bbox 463 2789 571 2878; x_wconf 88' lang='grc' dir='ltr'><strong><em>χωρία</em></strong></span> <span class='ocrx_word' id='word_1_162' title='bbox 592 2790 760 2878; x_wconf 89' lang='grc' dir='ltr'><strong><em>σύμμετρα</em></strong></span> <span class='ocrx_word' id='word_1_163' title='bbox 783 2787 947 2878; x_wconf 82' lang='grc' dir='ltr'><strong><em>ἀλλήλοις,</em></strong></span> <span class='ocrx_word' id='word_1_164' title='bbox 969 2788 1080 2879; x_wconf 77' lang='grc' dir='ltr'><strong><em>ἑτέρας</em></strong></span> <span class='ocrx_word' id='word_1_165' title='bbox 1102 2792 1150 2875; x_wconf 88' lang='grc' dir='ltr'><strong><em>δέ,</em></strong></span> <span class='ocrx_word' id='word_1_166' title='bbox 1173 2790 1252 2859; x_wconf 78' lang='grc' dir='ltr'><strong><em>ὅταν</em></strong></span> <span class='ocrx_word' id='word_1_167' title='bbox 1273 2793 1330 2859; x_wconf 88' lang='grc' dir='ltr'><strong><em>καὶ</em></strong></span> <span class='ocrx_word' id='word_1_168' title='bbox 1351 2794 1394 2858; x_wconf 80' lang='grc' dir='ltr'><strong><em>τοὶ</em></strong></span> <span class='ocrx_word' id='word_1_169' title='bbox 1412 2788 1494 2858; x_wconf 81' lang='grc' dir='ltr'><strong><em>αὑτά</em></strong></span> <span class='ocrx_word' id='word_1_170' title='bbox 1507 2817 1574 2876; x_wconf 90' lang='grc' dir='ltr'><strong><em>χω-</em></strong></span> <span class='ocrx_word' id='word_1_171' title='bbox 1623 2849 1627 2855; x_wconf 86' lang='grc'><strong><em>.</em></strong></span> 
     </span>
    </p>
   </div>
   <div class='ocr_carea' id='block_1_3' title="bbox 407 2885 1618 3490">
    <p class='ocr_par' dir='ltr' id='par_1_3' title="bbox 407 2885 1618 3388">
     <span class='ocr_line' id='line_1_21' title="bbox 407 2885 1575 2989; baseline -0.001 -28"><span class='ocrx_word' id='word_1_172' title='bbox 407 2911 443 2961; x_wconf 81' lang='lat'><strong><em>20</em></strong></span> <span class='ocrx_word' id='word_1_173' title='bbox 465 2890 524 2976; x_wconf 86' lang='grc' dir='ltr'><strong><em>ρία</em></strong></span> <span class='ocrx_word' id='word_1_174' title='bbox 551 2890 743 2977; x_wconf 87' lang='grc' dir='ltr'><strong><em>άσύμμετρα</em></strong></span> <span class='ocrx_word' id='word_1_175' title='bbox 771 2887 927 2980; x_wconf 73' lang='grc' dir='ltr'><strong><em>ἀλλήλοις</em></strong></span> <span class='ocrx_word' id='word_1_176' title='bbox 953 2885 990 2981; x_wconf 76' lang='grc' dir='ltr'><strong><em>ᾗ,</em></strong></span> <span class='ocrx_word' id='word_1_177' title='bbox 1024 2895 1119 2989; x_wconf 79' lang='grc' dir='ltr'><strong><em>διττή</em></strong></span> <span class='ocrx_word' id='word_1_178' title='bbox 1146 2897 1204 2961; x_wconf 82' lang='grc' dir='ltr'><strong><em>καί</em></strong></span> <span class='ocrx_word' id='word_1_179' title='bbox 1230 2891 1251 2982; x_wconf 87' lang='grc' dir='ltr'><strong><em>ῆ</em></strong></span> <span class='ocrx_word' id='word_1_180' title='bbox 1279 2895 1364 2982; x_wconf 89' lang='grc' dir='ltr'><strong><em>πρδς</em></strong></span> <span class='ocrx_word' id='word_1_181' title='bbox 1390 2896 1448 2982; x_wconf 87' lang='grc' dir='ltr'><strong><em>τήν</em></strong></span> <span class='ocrx_word' id='word_1_182' title='bbox 1477 2893 1575 2983; x_wconf 87' lang='grc' dir='ltr'><strong><em>ῥητήν</em></strong></span> 
     </span>
     <span class='ocr_line' id='line_1_22' title="bbox 465 2993 1618 3083; baseline 0.003 -23"><span class='ocrx_word' id='word_1_183' title='bbox 465 2995 614 3083; x_wconf 82' lang='grc' dir='ltr'><strong><em>διαφορά</em></strong></span> <span class='ocrx_word' id='word_1_184' title='bbox 636 2993 721 3060; x_wconf 82' lang='grc' dir='ltr'><strong><em>κατὰ</em></strong></span> <span class='ocrx_word' id='word_1_185' title='bbox 742 2995 819 3072; x_wconf 88' lang='grc' dir='ltr'><strong><em>τοὺς</em></strong></span> <span class='ocrx_word' id='word_1_186' title='bbox 840 2995 1008 3074; x_wconf 83' lang='grc' dir='ltr'><strong><em>παλαιούς</em></strong></span> <span class='ocrx_word' id='word_1_187' title='bbox 1028 2993 1181 3082; x_wconf 87' lang='grc' dir='ltr'><strong><em>ὑπῆρχεν.</em></strong></span> <span class='ocrx_word' id='word_1_188' title='bbox 1218 2993 1253 3062; x_wconf 81' lang='grc' dir='ltr'><strong><em>αὶ</em></strong></span> <span class='ocrx_word' id='word_1_189' title='bbox 1274 2995 1408 3083; x_wconf 79' lang='grc' dir='ltr'><strong><em>μὲνγὰρ</em></strong></span> <span class='ocrx_word' id='word_1_190' title='bbox 1422 2994 1572 3081; x_wconf 81' lang='grc' dir='ltr'><strong><em>λέγονται</em></strong></span> <span class='ocrx_word' id='word_1_191' title='bbox 1592 3026 1618 3064; x_wconf 82' lang='grc' dir='ltr'><strong><em>ιο</em></strong></span> 
     </span>
     <span class='ocr_line' id='line_1_23' title="bbox 465 3091 1573 3183; baseline 0.001 -22"><span class='ocrx_word' id='word_1_192' title='bbox 465 3093 604 3178; x_wconf 81' lang='grc' dir='ltr'><strong><em>δυνάμει</em></strong></span> <span class='ocrx_word' id='word_1_193' title='bbox 626 3094 723 3183; x_wconf 87' lang='grc' dir='ltr'><strong><em>ῥηταὶ</em></strong></span> <span class='ocrx_word' id='word_1_194' title='bbox 748 3091 792 3178; x_wconf 77' lang='grc' dir='ltr'><strong><em>[αὑ</em></strong></span> <span class='ocrx_word' id='word_1_195' title='bbox 815 3094 854 3161; x_wconf 80' lang='grc' dir='ltr'><strong><em>δὲ</em></strong></span> <span class='ocrx_word' id='word_1_196' title='bbox 875 3091 1011 3179; x_wconf 81' lang='grc' dir='ltr'><strong><em>δίλογοι],</em></strong></span> <span class='ocrx_word' id='word_1_197' title='bbox 1034 3093 1068 3162; x_wconf 81' lang='grc' dir='ltr'><strong><em>αὑ</em></strong></span> <span class='ocrx_word' id='word_1_198' title='bbox 1092 3095 1130 3164; x_wconf 76' lang='grc' dir='ltr'><strong><em>δὲ</em></strong></span> <span class='ocrx_word' id='word_1_199' title='bbox 1147 3095 1269 3163; x_wconf 86' lang='grc' dir='ltr'><strong><em>λοιπαὶ</em></strong></span> <span class='ocrx_word' id='word_1_200' title='bbox 1282 3095 1392 3183; x_wconf 83' lang='grc' dir='ltr'><strong><em>μήκει.</em></strong></span> <span class='ocrx_word' id='word_1_201' title='bbox 1436 3094 1573 3181; x_wconf 91' lang='grc' dir='ltr'><strong><em>δυνάμει</em></strong></span> 
     </span>
     <span class='ocr_line' id='line_1_24' title="bbox 463 3192 1574 3286; baseline 0.001 -23"><span class='ocrx_word' id='word_1_202' title='bbox 463 3196 525 3281; x_wconf 80' lang='grc' dir='ltr'><strong><em>μέν</em></strong></span> <span class='ocrx_word' id='word_1_203' title='bbox 547 3193 614 3263; x_wconf 80' lang='grc' dir='ltr'><strong><em>εἶσι</em></strong></span> <span class='ocrx_word' id='word_1_204' title='bbox 636 3193 741 3286; x_wconf 88' lang='grc' dir='ltr'><strong><em>ῥηταί,</em></strong></span> <span class='ocrx_word' id='word_1_205' title='bbox 765 3192 811 3276; x_wconf 85' lang='grc' dir='ltr'><strong><em>ώς</em></strong></span> <span class='ocrx_word' id='word_1_206' title='bbox 831 3195 1049 3283; x_wconf 88' lang='grc' dir='ltr'><strong><em>προείπομεν,</em></strong></span> <span class='ocrx_word' id='word_1_207' title='bbox 1073 3195 1152 3265; x_wconf 81' lang='grc' dir='ltr'><strong><em>ὅσοι</em></strong></span> <span class='ocrx_word' id='word_1_208' title='bbox 1173 3197 1234 3282; x_wconf 81' lang='grc' dir='ltr'><strong><em>μέν</em></strong></span> <span class='ocrx_word' id='word_1_209' title='bbox 1256 3195 1339 3265; x_wconf 81' lang='grc' dir='ltr'><strong><em>εἶσιν</em></strong></span> <span class='ocrx_word' id='word_1_210' title='bbox 1354 3194 1453 3265; x_wconf 83' lang='grc' dir='ltr'><strong><em>αὑταὶ</em></strong></span> <span class='ocrx_word' id='word_1_211' title='bbox 1467 3195 1574 3283; x_wconf 82' lang='grc' dir='ltr'><strong><em>ἀσύμ-</em></strong></span> 
     </span>
     <span class='ocr_line' id='line_1_25' title="bbox 462 3291 1573 3388; baseline 0.005 -26"><span class='ocrx_word' id='word_1_212' title='bbox 462 3321 582 3382; x_wconf 86' lang='grc' dir='ltr'><strong><em>μετροι</em></strong></span> <span class='ocrx_word' id='word_1_213' title='bbox 607 3298 649 3385; x_wconf 83' lang='grc' dir='ltr'><strong><em>τῆ</em></strong></span> <span class='ocrx_word' id='word_1_214' title='bbox 676 3298 772 3387; x_wconf 83' lang='grc' dir='ltr'><strong><em>ῥητῆ,</em></strong></span> <span class='ocrx_word' id='word_1_215' title='bbox 794 3297 836 3363; x_wconf 83' lang='grc' dir='ltr'><strong><em>τά</em></strong></span> <span class='ocrx_word' id='word_1_216' title='bbox 859 3295 892 3364; x_wconf 77' lang='grc' dir='ltr'><strong><em>δ’</em></strong></span> <span class='ocrx_word' id='word_1_217' title='bbox 916 3294 980 3363; x_wconf 75' lang='grc' dir='ltr'><strong><em>ἀπ’</em></strong></span> <span class='ocrx_word' id='word_1_218' title='bbox 1003 3294 1109 3365; x_wconf 77' lang='grc' dir='ltr'><strong><em>αὐτῶν</em></strong></span> <span class='ocrx_word' id='word_1_219' title='bbox 1129 3298 1315 3386; x_wconf 84' lang='grc' dir='ltr'><strong><em>τετράγωνα</em></strong></span> <span class='ocrx_word' id='word_1_220' title='bbox 1337 3291 1507 3388; x_wconf 80' lang='grc' dir='ltr'><strong><em>σύμμετρα</em></strong></span> <span class='ocrx_word' id='word_1_221' title='bbox 1524 3301 1573 3388; x_wconf 80' lang='grc' dir='ltr'><strong><em>τῷ</em></strong></span> 
     </span>
    </p>

    <p class='ocr_par' dir='ltr' id='par_1_4' title="bbox 407 3395 1574 3490">
     <span class='ocr_line' id='line_1_26' title="bbox 407 3395 1574 3490; baseline 0 -22"><span class='ocrx_word' id='word_1_222' title='bbox 407 3418 441 3468; x_wconf 80' lang='lat'><strong><em>25</em></strong></span> <span class='ocrx_word' id='word_1_223' title='bbox 464 3395 536 3465; x_wconf 78' lang='grc' dir='ltr'><strong><em>α’πὺ</em></strong></span> <span class='ocrx_word' id='word_1_224' title='bbox 559 3404 657 3488; x_wconf 90' lang='grc' dir='ltr'><strong><em>ῥητῆς</em></strong></span> <span class='ocrx_word' id='word_1_225' title='bbox 677 3397 879 3488; x_wconf 80' lang='grc' dir='ltr'><strong><em>τετραγώνῳ,</em></strong></span> <span class='ocrx_word' id='word_1_226' title='bbox 901 3398 998 3488; x_wconf 83' lang='grc' dir='ltr'><strong><em>μήκει</em></strong></span> <span class='ocrx_word' id='word_1_227' title='bbox 1024 3401 1071 3481; x_wconf 80' lang='grc' dir='ltr'><strong><em>δέ,</em></strong></span> <span class='ocrx_word' id='word_1_228' title='bbox 1095 3397 1174 3466; x_wconf 82' lang='grc' dir='ltr'><strong><em>ὅταν</em></strong></span> <span class='ocrx_word' id='word_1_229' title='bbox 1194 3401 1236 3466; x_wconf 83' lang='grc' dir='ltr'><strong><em>τά</em></strong></span> <span class='ocrx_word' id='word_1_230' title='bbox 1257 3398 1319 3467; x_wconf 76' lang='grc' dir='ltr'><strong><em>ἀπ’</em></strong></span> <span class='ocrx_word' id='word_1_231' title='bbox 1335 3397 1443 3468; x_wconf 82' lang='grc' dir='ltr'><strong><em>αὑτῶν</em></strong></span> <span class='ocrx_word' id='word_1_232' title='bbox 1456 3401 1574 3490; x_wconf 83' lang='grc' dir='ltr'><strong><em>τετρά-</em></strong></span> 
     </span>
    </p>
   </div>
   <div class='ocr_carea' id='block_1_4' title="bbox 462 3639 1579 4686">
    <p class='ocr_par' dir='ltr' id='par_1_5' title="bbox 463 3639 1579 4040">
     <span class='ocr_line' id='line_1_27' title="bbox 535 3639 1573 3721; baseline 0.008 -27"><span class='ocrx_word' id='word_1_233' title='bbox 535 3645 557 3696; x_wconf 92' lang='grc'><strong><em>1.</em></strong></span> <span class='ocrx_word' id='word_1_234' title='bbox 575 3639 642 3696; x_wconf 77' lang='grc' dir='ltr'><strong><em>καθ’</em></strong></span> <span class='ocrx_word' id='word_1_235' title='bbox 657 3641 742 3709; x_wconf 84' lang='grc' dir='ltr'><strong><em>αὑτὴν</em></strong></span> <span class='ocrx_word' id='word_1_236' title='bbox 755 3644 775 3695; x_wconf 92' lang='lat' dir='ltr'><strong>F</strong></span> <span class='ocrx_word' id='word_1_237' title='bbox 857 3645 880 3695; x_wconf 89' lang='grc'><strong><em>3.</em></strong></span> <span class='ocrx_word' id='word_1_238' title='bbox 900 3652 958 3710; x_wconf 84' lang='lat' dir='ltr'><strong>post</strong></span> <span class='ocrx_word' id='word_1_239' title='bbox 974 3643 1131 3716; x_wconf 82' lang='grc' dir='ltr'><strong><em>εὑρίσκεται</em></strong></span> <span class='ocrx_word' id='word_1_240' title='bbox 1147 3648 1223 3700; x_wconf 77' lang='lat' dir='ltr'><strong>habet</strong></span> <span class='ocrx_word' id='word_1_241' title='bbox 1235 3648 1267 3699; x_wconf 94' lang='lat' dir='ltr'><strong><em>F:</em></strong></span> <span class='ocrx_word' id='word_1_242' title='bbox 1287 3644 1389 3718; x_wconf 63' lang='lat' dir='ltr'><strong><em>*prim</em></strong></span> <span class='ocrx_word' id='word_1_243' title='bbox 1400 3645 1456 3721; x_wconf 82' lang='grc' dir='ltr'><strong><em>γάρ</em></strong></span> <span class='ocrx_word' id='word_1_244' title='bbox 1469 3644 1573 3721; x_wconf 74' lang='grc' dir='ltr'><strong><em>άίογος</em></strong></span> 
     </span>
     <span class='ocr_line' id='line_1_28' title="bbox 464 3720 1573 3797; baseline 0.004 -19"><span class='ocrx_word' id='word_1_245' title='bbox 464 3720 652 3793; x_wconf 55' lang='grc' dir='ltr'><strong><em>εὑρίσκεταιίς</em></strong></span> <span class='ocrx_word' id='word_1_246' title='bbox 665 3725 719 3791; x_wconf 83' lang='lat' dir='ltr'>ipse</span> <span class='ocrx_word' id='word_1_247' title='bbox 732 3725 810 3788; x_wconf 80' lang='lat' dir='ltr'><strong>igitur</strong></span> <span class='ocrx_word' id='word_1_248' title='bbox 822 3724 943 3776; x_wconf 80' lang='lat' dir='ltr'><strong>librarius</strong></span> <span class='ocrx_word' id='word_1_249' title='bbox 954 3728 1017 3778; x_wconf 76' lang='lat' dir='ltr'><strong><em>haee</em></strong></span> <span class='ocrx_word' id='word_1_250' title='bbox 1030 3728 1137 3779; x_wconf 79' lang='lat' dir='ltr'><strong>delenda</strong></span> <span class='ocrx_word' id='word_1_251' title='bbox 1149 3744 1206 3780; x_wconf 80' lang='lat' dir='ltr'>esse</span> <span class='ocrx_word' id='word_1_252' title='bbox 1219 3730 1371 3794; x_wconf 78' lang='lat' dir='ltr'><strong>significavit</strong></span> <span class='ocrx_word' id='word_1_253' title='bbox 1422 3732 1446 3782; x_wconf 81' lang='lat'><strong><em>6.</em></strong></span> <span class='ocrx_word' id='word_1_254' title='bbox 1459 3727 1475 3797; x_wconf 79' lang='grc' dir='ltr'><em>ἦ</em></span> <span class='ocrx_word' id='word_1_255' title='bbox 1488 3733 1573 3784; x_wconf 80' lang='grc' dir='ltr'><strong><em>πλευ-</em></strong></span> 
     </span>
     <span class='ocr_line' id='line_1_29' title="bbox 464 3804 1572 3882; baseline 0.006 -25"><span class='ocrx_word' id='word_1_256' title='bbox 464 3805 500 3876; x_wconf 84' lang='grc' dir='ltr'><strong><em>ρδ</em></strong></span> <span class='ocrx_word' id='word_1_257' title='bbox 512 3807 562 3870; x_wconf 83' lang='lat' dir='ltr'><strong><em>Da,</em></strong></span> <span class='ocrx_word' id='word_1_258' title='bbox 574 3805 607 3876; x_wconf 89' lang='grc' dir='ltr'><strong><em>τῆ</em></strong></span> <span class='ocrx_word' id='word_1_259' title='bbox 620 3806 727 3873; x_wconf 78' lang='grc' dir='ltr'><strong><em>πλευρᾷ</em></strong></span> <span class='ocrx_word' id='word_1_260' title='bbox 739 3805 779 3855; x_wconf 93' lang='lat' dir='ltr'><strong><em>BF</em></strong></span> <span class='ocrx_word' id='word_1_261' title='bbox 861 3807 884 3855; x_wconf 80' lang='grc'><strong><em>7.</em></strong></span> <span class='ocrx_word' id='word_1_262' title='bbox 903 3807 1030 3857; x_wconf 78' lang='grc' dir='ltr'><strong><em>τουτέστι</em></strong></span> <span class='ocrx_word' id='word_1_263' title='bbox 1042 3804 1129 3876; x_wconf 80' lang='grc' dir='ltr'><strong><em>λόγου</em></strong></span> <span class='ocrx_word' id='word_1_264' title='bbox 1140 3809 1181 3860; x_wconf 92' lang='lat' dir='ltr'><strong><em>BF</em></strong></span> <span class='ocrx_word' id='word_1_265' title='bbox 1250 3812 1273 3862; x_wconf 89' lang='grc'><strong><em>8.</em></strong></span> <span class='ocrx_word' id='word_1_266' title='bbox 1293 3814 1328 3876; x_wconf 88' lang='grc' dir='ltr'><strong><em>τι]</em></strong></span> <span class='ocrx_word' id='word_1_267' title='bbox 1341 3809 1406 3864; x_wconf 65' lang='grc' dir='ltr'><strong><em>τὸδ’</em></strong></span> <span class='ocrx_word' id='word_1_268' title='bbox 1476 3813 1500 3864; x_wconf 82' lang='lat'><strong><em>9.</em></strong></span> <span class='ocrx_word' id='word_1_269' title='bbox 1518 3830 1572 3882; x_wconf 93' lang='grc' dir='ltr'><strong><em>μο-</em></strong></span> 
     </span>
     <span class='ocr_line' id='line_1_30' title="bbox 463 3883 1488 3958; baseline 0.003 -17"><span class='ocrx_word' id='word_1_270' title='bbox 463 3883 567 3952; x_wconf 87' lang='grc' dir='ltr'><strong><em>νάδων]</em></strong></span> <span class='ocrx_word' id='word_1_271' title='bbox 584 3902 617 3937; x_wconf 75' lang='grc' dir='ltr'><strong><em>ιιι</em></strong></span> <span class='ocrx_word' id='word_1_272' title='bbox 633 3884 670 3945; x_wconf 82' lang='grc' dir='ltr'><strong><em>ὡς</em></strong></span> <span class='ocrx_word' id='word_1_273' title='bbox 680 3883 811 3956; x_wconf 70' lang='grc' dir='ltr'><strong><em>μονάδαῖ</em></strong></span> <span class='ocrx_word' id='word_1_274' title='bbox 825 3885 958 3956; x_wconf 63' lang='grc' dir='ltr'><strong><em>(μερίδων</em></strong></span> <span class='ocrx_word' id='word_1_275' title='bbox 969 3886 1004 3952; x_wconf 84' lang='grc' dir='ltr'><strong><em>Ν)</em></strong></span> <span class='ocrx_word' id='word_1_276' title='bbox 1093 3889 1132 3940; x_wconf 93' lang='lat'><strong><em>10.</em></strong></span> <span class='ocrx_word' id='word_1_277' title='bbox 1152 3886 1236 3955; x_wconf 82' lang='grc' dir='ltr'><strong><em>αὐτῆς</em></strong></span> <span class='ocrx_word' id='word_1_278' title='bbox 1251 3892 1292 3942; x_wconf 86' lang='lat' dir='ltr'><strong><em>BF</em></strong></span> <span class='ocrx_word' id='word_1_279' title='bbox 1309 3894 1356 3958; x_wconf 84' lang='lat' dir='ltr'><strong><em>Da,</em></strong></span> <span class='ocrx_word' id='word_1_280' title='bbox 1368 3909 1437 3944; x_wconf 85' lang='grc' dir='ltr'><strong><em>εοττ.</em></strong></span> <span class='ocrx_word' id='word_1_281' title='bbox 1450 3894 1488 3944; x_wconf 87' lang='lat' dir='ltr'><strong><em>Ha</em></strong></span> 
     </span>
     <span class='ocr_line' id='line_1_31' title="bbox 463 3962 1579 4040; baseline 0.004 -20"><span class='ocrx_word' id='word_1_282' title='bbox 463 3966 613 4040; x_wconf 83' lang='grc' dir='ltr'><strong><em>ὑμοίουςΒ</em></strong></span> <span class='ocrx_word' id='word_1_283' title='bbox 684 3962 844 4019; x_wconf 88' lang='grc' dir='ltr'><strong><em>11.τούτων</em></strong></span> <span class='ocrx_word' id='word_1_284' title='bbox 855 3966 895 4018; x_wconf 90' lang='lat' dir='ltr'><strong><em>BF</em></strong></span> <span class='ocrx_word' id='word_1_285' title='bbox 967 3967 1007 4018; x_wconf 86' lang='grc'><strong><em>13.</em></strong></span> <span class='ocrx_word' id='word_1_286' title='bbox 1020 3969 1065 4018; x_wconf 77' lang='grc' dir='ltr'><strong><em>καί</em></strong></span> <span class='ocrx_word' id='word_1_287' title='bbox 1078 3966 1120 4033; x_wconf 83' lang='grc' dir='ltr'><strong><em>τά]</em></strong></span> <span class='ocrx_word' id='word_1_288' title='bbox 1133 3966 1203 4021; x_wconf 79' lang='grc' dir='ltr'><strong><em>κατὰ</em></strong></span> <span class='ocrx_word' id='word_1_289' title='bbox 1215 3971 1265 4036; x_wconf 90' lang='lat' dir='ltr'><strong><em>BF,</em></strong></span> <span class='ocrx_word' id='word_1_290' title='bbox 1278 3973 1325 4022; x_wconf 80' lang='grc' dir='ltr'><strong><em>καὶ</em></strong></span> <span class='ocrx_word' id='word_1_291' title='bbox 1335 3972 1376 4023; x_wconf 83' lang='lat' dir='ltr'><strong><em>Da</em></strong></span> <span class='ocrx_word' id='word_1_292' title='bbox 1435 3969 1541 4026; x_wconf 86' lang='grc' dir='ltr'><strong><em>τούτων</em></strong></span> <span class='ocrx_word' id='word_1_293' title='bbox 1552 3975 1579 4024; x_wconf 74' lang='grc' dir='ltr'><strong><em>Β’</em></strong></span> 
     </span>
    </p>

    <p class='ocr_par' dir='ltr' id='par_1_6' title="bbox 462 4043 1572 4686">
     <span class='ocr_line' id='line_1_32' title="bbox 534 4043 1572 4126; baseline 0.006 -28"><span class='ocrx_word' id='word_1_294' title='bbox 534 4049 574 4100; x_wconf 79' lang='grc'><strong><em>14.</em></strong></span> <span class='ocrx_word' id='word_1_295' title='bbox 593 4045 625 4100; x_wconf 88' lang='grc' dir='ltr'><strong><em>τὸ</em></strong></span> <span class='ocrx_word' id='word_1_296' title='bbox 642 4046 668 4100; x_wconf 85' lang='grc' dir='ltr'><strong><em>ά.</em></strong></span> <span class='ocrx_word' id='word_1_297' title='bbox 681 4049 706 4120; x_wconf 88' lang='grc' dir='ltr'><strong><em>ῥ.</em></strong></span> <span class='ocrx_word' id='word_1_298' title='bbox 719 4045 803 4114; x_wconf 79' lang='grc' dir='ltr'><strong><em>κύβος</em></strong></span> <span class='ocrx_word' id='word_1_299' title='bbox 814 4049 854 4098; x_wconf 88' lang='lat' dir='ltr'><strong><em>BF</em></strong></span> <span class='ocrx_word' id='word_1_300' title='bbox 943 4048 982 4098; x_wconf 82' lang='lat'><strong><em>15.</em></strong></span> <span class='ocrx_word' id='word_1_301' title='bbox 1002 4045 1033 4099; x_wconf 89' lang='grc' dir='ltr'><strong><em>τὸ</em></strong></span> <span class='ocrx_word' id='word_1_302' title='bbox 1050 4043 1077 4100; x_wconf 84' lang='grc' dir='ltr'><strong><em>ά.</em></strong></span> <span class='ocrx_word' id='word_1_303' title='bbox 1089 4049 1114 4118; x_wconf 92' lang='grc' dir='ltr'><strong><em>ῥ</em></strong></span> <span class='ocrx_word' id='word_1_304' title='bbox 1127 4046 1301 4120; x_wconf 86' lang='grc' dir='ltr'><strong><em>τετράγωνον</em></strong></span> <span class='ocrx_word' id='word_1_305' title='bbox 1317 4052 1358 4103; x_wconf 88' lang='lat' dir='ltr'><strong><em>BF</em></strong></span> <span class='ocrx_word' id='word_1_306' title='bbox 1448 4053 1487 4104; x_wconf 82' lang='lat'><strong><em>16.</em></strong></span> <span class='ocrx_word' id='word_1_307' title='bbox 1505 4053 1572 4126; x_wconf 78' lang='grc' dir='ltr'><strong><em>ῥητῇ</em></strong></span> 
     </span>
     <span class='ocr_line' id='line_1_33' title="bbox 463 4124 1571 4204; baseline 0.005 -23"><span class='ocrx_word' id='word_1_308' title='bbox 463 4125 646 4199; x_wconf 75' lang='grc' dir='ltr'><strong><em>ἀσύμμετρον</em></strong></span> <span class='ocrx_word' id='word_1_309' title='bbox 662 4131 708 4195; x_wconf 82' lang='lat' dir='ltr'><strong><em>Ha,</em></strong></span> <span class='ocrx_word' id='word_1_310' title='bbox 725 4126 810 4201; x_wconf 83' lang='grc' dir='ltr'><strong><em>ῥητὴν</em></strong></span> <span class='ocrx_word' id='word_1_311' title='bbox 826 4124 885 4180; x_wconf 88' lang='grc' dir='ltr'><strong><em>αἰιὸ</em></strong></span> <span class='ocrx_word' id='word_1_312' title='bbox 903 4125 1065 4199; x_wconf 88' lang='grc' dir='ltr'><strong><em>σύμμετρον</em></strong></span> <span class='ocrx_word' id='word_1_313' title='bbox 1076 4132 1117 4184; x_wconf 90' lang='lat' dir='ltr'><strong><em>BF</em></strong></span> <span class='ocrx_word' id='word_1_314' title='bbox 1131 4133 1188 4195; x_wconf 81' lang='lat' dir='ltr'><strong>(nisi</strong></span> <span class='ocrx_word' id='word_1_315' title='bbox 1199 4133 1265 4198; x_wconf 81' lang='lat' dir='ltr'><strong>quod</strong></span> <span class='ocrx_word' id='word_1_316' title='bbox 1278 4131 1298 4182; x_wconf 88' lang='lat' dir='ltr'><strong>F</strong></span> <span class='ocrx_word' id='word_1_317' title='bbox 1312 4144 1438 4204; x_wconf 86' lang='grc' dir='ltr'><strong><em>συμμετρ</em></strong></span> <span class='ocrx_word' id='word_1_318' title='bbox 1450 4149 1505 4184; x_wconf 88' lang='lat' dir='ltr'><strong><em>cum</em></strong></span> <span class='ocrx_word' id='word_1_319' title='bbox 1518 4150 1571 4186; x_wconf 81' lang='lat' dir='ltr'><strong><em>am·</em></strong></span> 
     </span>
     <span class='ocr_line' id='line_1_34' title="bbox 463 4205 1572 4284; baseline 0.003 -22"><span class='ocrx_word' id='word_1_320' title='bbox 463 4212 539 4275; x_wconf 76' lang='lat' dir='ltr'><strong>biguo</strong></span> <span class='ocrx_word' id='word_1_321' title='bbox 553 4212 717 4278; x_wconf 81' lang='lat' dir='ltr'><strong>compendio),</strong></span> <span class='ocrx_word' id='word_1_322' title='bbox 731 4205 815 4278; x_wconf 84' lang='grc' dir='ltr'><strong><em>ῥητὴν</em></strong></span> <span class='ocrx_word' id='word_1_323' title='bbox 827 4211 990 4280; x_wconf 77' lang='grc' dir='ltr'><strong><em>συμμέτρου</em></strong></span> <span class='ocrx_word' id='word_1_324' title='bbox 999 4212 1038 4263; x_wconf 83' lang='lat' dir='ltr'><strong><em>Da</em></strong></span> <span class='ocrx_word' id='word_1_325' title='bbox 1090 4212 1129 4264; x_wconf 79' lang='lat'><strong><em>17.</em></strong></span> <span class='ocrx_word' id='word_1_326' title='bbox 1142 4209 1335 4282; x_wconf 79' lang='grc' dir='ltr'><strong><em>ἀσυμμετρίας</em></strong></span> <span class='ocrx_word' id='word_1_327' title='bbox 1343 4215 1389 4279; x_wconf 85' lang='lat' dir='ltr'><strong><em>Ha,</em></strong></span> <span class='ocrx_word' id='word_1_328' title='bbox 1400 4218 1572 4284; x_wconf 83' lang='grc' dir='ltr'><strong><em>συμμετρίας</em></strong></span> 
     </span>
     <span class='ocr_line' id='line_1_35' title="bbox 462 4280 1571 4366; baseline 0.003 -22"><span class='ocrx_word' id='word_1_329' title='bbox 462 4294 505 4345; x_wconf 92' lang='lat' dir='ltr'><strong><em>BF</em></strong></span> <span class='ocrx_word' id='word_1_330' title='bbox 517 4292 558 4344; x_wconf 82' lang='lat' dir='ltr'><strong><em>Da</em></strong></span> <span class='ocrx_word' id='word_1_331' title='bbox 645 4294 684 4342; x_wconf 88' lang='lat'><strong><em>18.</em></strong></span> <span class='ocrx_word' id='word_1_332' title='bbox 703 4287 784 4342; x_wconf 77' lang='grc' dir='ltr'><strong><em>αὑταὶ</em></strong></span> <span class='ocrx_word' id='word_1_333' title='bbox 796 4293 827 4343; x_wconf 78' lang='grc' dir='ltr'><strong><em>αἱ</em></strong></span> <span class='ocrx_word' id='word_1_334' title='bbox 838 4293 883 4359; x_wconf 84' lang='lat' dir='ltr'><strong><em>Ha,</em></strong></span> <span class='ocrx_word' id='word_1_335' title='bbox 895 4280 976 4344; x_wconf 77' lang='grc' dir='ltr'><strong><em>αὗται</em></strong></span> <span class='ocrx_word' id='word_1_336' title='bbox 988 4294 1028 4344; x_wconf 89' lang='lat' dir='ltr'><strong><em>BF</em></strong></span> <span class='ocrx_word' id='word_1_337' title='bbox 1039 4293 1081 4345; x_wconf 84' lang='lat' dir='ltr'><strong><em>Da</em></strong></span> <span class='ocrx_word' id='word_1_338' title='bbox 1166 4289 1321 4365; x_wconf 84' lang='grc' dir='ltr'><strong><em>σύμμετροι</em></strong></span> <span class='ocrx_word' id='word_1_339' title='bbox 1333 4295 1361 4359; x_wconf 85' lang='grc' dir='ltr'><strong><em>Β,</em></strong></span> <span class='ocrx_word' id='word_1_340' title='bbox 1375 4289 1533 4366; x_wconf 87' lang='grc' dir='ltr'><strong><em>σύμμετραι</em></strong></span> <span class='ocrx_word' id='word_1_341' title='bbox 1544 4304 1571 4348; x_wconf 84' lang='lat' dir='ltr'><strong><em>et</em></strong></span> 
     </span>
     <span class='ocr_line' id='line_1_36' title="bbox 463 4369 1570 4445; baseline 0.003 -20"><span class='ocrx_word' id='word_1_342' title='bbox 463 4389 593 4440; x_wconf 78' lang='lat' dir='ltr'>suprascr.</span> <span class='ocrx_word' id='word_1_343' title='bbox 607 4391 634 4424; x_wconf 91' lang='grc' dir='ltr'><strong><em>οι</em></strong></span> <span class='ocrx_word' id='word_1_344' title='bbox 644 4374 673 4438; x_wconf 91' lang='lat' dir='ltr'><strong><em>F,</em></strong></span> <span class='ocrx_word' id='word_1_345' title='bbox 683 4371 1007 4443; x_wconf 81' lang='grc' dir='ltr'><strong><em>οσττ.11σ,συμμετριῶσι</em></strong></span> <span class='ocrx_word' id='word_1_346' title='bbox 1019 4375 1075 4440; x_wconf 81' lang='lat' dir='ltr'><strong>(pro</strong></span> <span class='ocrx_word' id='word_1_347' title='bbox 1089 4386 1114 4426; x_wconf 87' lang='grc' dir='ltr'><strong><em>σ.</em></strong></span> <span class='ocrx_word' id='word_1_348' title='bbox 1127 4369 1190 4441; x_wconf 78' lang='grc' dir='ltr'><strong><em>ὦσι)</em></strong></span> <span class='ocrx_word' id='word_1_349' title='bbox 1201 4375 1243 4426; x_wconf 82' lang='lat' dir='ltr'><strong><em>Da</em></strong></span> <span class='ocrx_word' id='word_1_350' title='bbox 1294 4377 1334 4429; x_wconf 88' lang='grc'><strong><em>19.</em></strong></span> <span class='ocrx_word' id='word_1_351' title='bbox 1347 4374 1442 4445; x_wconf 74' lang='grc' dir='ltr'><strong><em>ἑτέρας</em></strong></span> <span class='ocrx_word' id='word_1_352' title='bbox 1451 4374 1482 4428; x_wconf 78' lang='grc' dir='ltr'><strong><em>δὲ</em></strong></span> <span class='ocrx_word' id='word_1_353' title='bbox 1490 4392 1570 4444; x_wconf 74' lang='lat' dir='ltr'><strong>usquo</strong></span> 
     </span>
     <span class='ocr_line' id='line_1_37' title="bbox 462 4447 1571 4528; baseline 0.004 -21"><span class='ocrx_word' id='word_1_354' title='bbox 462 4458 496 4507; x_wconf 76' lang='lat' dir='ltr'><strong><em>ad</em></strong></span> <span class='ocrx_word' id='word_1_355' title='bbox 509 4451 638 4522; x_wconf 76' lang='grc' dir='ltr'><strong><em>ἀλλήλοις</em></strong></span> <span class='ocrx_word' id='word_1_356' title='bbox 650 4470 698 4506; x_wconf 84' lang='lat' dir='ltr'><strong><em>om.</em></strong></span> <span class='ocrx_word' id='word_1_357' title='bbox 711 4453 730 4502; x_wconf 92' lang='lat' dir='ltr'><strong>B</strong></span> <span class='ocrx_word' id='word_1_358' title='bbox 799 4453 840 4506; x_wconf 81' lang='lat'><strong><em>20.</em></strong></span> <span class='ocrx_word' id='word_1_359' title='bbox 853 4447 869 4525; x_wconf 77' lang='grc' dir='ltr'><em>ᾗ</em></span> <span class='ocrx_word' id='word_1_360' title='bbox 882 4455 928 4514; x_wconf 82' lang='lat' dir='ltr'><strong><em>Ha,</em></strong></span> <span class='ocrx_word' id='word_1_361' title='bbox 941 4456 983 4518; x_wconf 78' lang='grc' dir='ltr'><strong><em>εἴη</em></strong></span> <span class='ocrx_word' id='word_1_362' title='bbox 995 4454 1045 4519; x_wconf 90' lang='lat' dir='ltr'><strong><em>BF,</em></strong></span> <span class='ocrx_word' id='word_1_363' title='bbox 1058 4451 1100 4520; x_wconf 77' lang='grc' dir='ltr'><strong><em>εῑῆ</em></strong></span> <span class='ocrx_word' id='word_1_364' title='bbox 1111 4455 1152 4507; x_wconf 85' lang='lat' dir='ltr'><strong><em>Da</em></strong></span> <span class='ocrx_word' id='word_1_365' title='bbox 1213 4456 1255 4506; x_wconf 79' lang='lat'><strong><em>21.</em></strong></span> <span class='ocrx_word' id='word_1_366' title='bbox 1269 4451 1377 4526; x_wconf 85' lang='grc' dir='ltr'><strong><em>ὑπῆρχε</em></strong></span> <span class='ocrx_word' id='word_1_367' title='bbox 1388 4458 1416 4523; x_wconf 90' lang='grc' dir='ltr'><strong><em>Β,</em></strong></span> <span class='ocrx_word' id='word_1_368' title='bbox 1429 4454 1571 4528; x_wconf 84' lang='grc' dir='ltr'><strong><em>ὑπεροχήν</em></strong></span> 
     </span>
     <span class='ocr_line' id='line_1_38' title="bbox 462 4525 1502 4606; baseline 0.002 -18"><span class='ocrx_word' id='word_1_369' title='bbox 462 4537 484 4588; x_wconf 94' lang='lat' dir='ltr'><strong>F</strong></span> <span class='ocrx_word' id='word_1_370' title='bbox 554 4536 595 4587; x_wconf 80' lang='lat'><strong><em>22.</em></strong></span> <span class='ocrx_word' id='word_1_371' title='bbox 614 4532 769 4604; x_wconf 87' lang='grc' dir='ltr'><strong><em>δυνάμαιΒ</em></strong></span> <span class='ocrx_word' id='word_1_372' title='bbox 848 4534 891 4586; x_wconf 81' lang='lat'><strong><em>23.</em></strong></span> <span class='ocrx_word' id='word_1_373' title='bbox 908 4536 991 4586; x_wconf 79' lang='grc' dir='ltr'><strong><em>αὗται</em></strong></span> <span class='ocrx_word' id='word_1_374' title='bbox 1001 4535 1029 4600; x_wconf 84' lang='grc' dir='ltr'><strong><em>Β,</em></strong></span> <span class='ocrx_word' id='word_1_375' title='bbox 1041 4525 1207 4589; x_wconf 65' lang='grc' dir='ltr'><strong><em>αὑταιδῦσ</em></strong></span> <span class='ocrx_word' id='word_1_376' title='bbox 1274 4537 1315 4589; x_wconf 78' lang='grc'><strong><em>24.</em></strong></span> <span class='ocrx_word' id='word_1_377' title='bbox 1334 4538 1502 4606; x_wconf 66' lang='grc' dir='ltr'><strong><em>τρῆτώνΒΡ</em></strong></span> 
     </span>
     <span class='ocr_line' id='line_1_39' title="bbox 462 4614 1502 4686; baseline 0 -19"><span class='ocrx_word' id='word_1_378' title='bbox 462 4618 506 4668; x_wconf 81' lang='grc'><strong><em>25.</em></strong></span> <span class='ocrx_word' id='word_1_379' title='bbox 525 4614 708 4686; x_wconf 83' lang='grc' dir='ltr'><strong><em>τετραγώνων</em></strong></span> <span class='ocrx_word' id='word_1_380' title='bbox 720 4624 746 4667; x_wconf 78' lang='lat' dir='ltr'><strong><em>et</em></strong></span> <span class='ocrx_word' id='word_1_381' title='bbox 758 4631 886 4682; x_wconf 79' lang='lat' dir='ltr'><strong>suprascr.</strong></span> <span class='ocrx_word' id='word_1_382' title='bbox 901 4633 922 4682; x_wconf 81' lang='grc' dir='ltr'><em>ῳ</em></span> <span class='ocrx_word' id='word_1_383' title='bbox 935 4616 956 4667; x_wconf 91' lang='lat' dir='ltr'><strong>F</strong></span> <span class='ocrx_word' id='word_1_384' title='bbox 1500 4662 1502 4667; x_wconf 93' lang='lat'><em>.</em></span> 
     </span>
    </p>
   </div>
   <div class='ocr_carea' id='block_1_5' title="bbox 0 0 1968 5742">
    <p class='ocr_par' dir='ltr' id='par_1_7' title="bbox 0 0 1968 5742">
     <span class='ocr_line' id='line_1_40' title="bbox 0 0 1968 5742; baseline 0 3"><span class='ocrx_word' id='word_1_385' title='bbox 0 0 1968 5742; x_wconf 95' lang='lat' dir='ltr'><strong><em> </em></strong></span> 
     </span>
    </p>
   </div>
  </div>
 </body>
</html>
