3925 5742
795 765 1039 821 DEFINITIONES.
1447 770 1482 821 δῖ’

360 920 451 1008 ληλα
468 917 598 1002 σχέσις.
642 917 704 999 ἐπὶ
732 918 771 988 δὲ
791 926 858 988 τῶν
878 925 1032 1007 μεγεθῶν
1053 920 1187 1006 λέξομεν
1209 918 1317 1003 ἰδίως,
1347 913 1480 990 ότιλλό-

361 1045 425 1108 γος
446 1020 521 1090 ἐστὶ
543 1021 603 1088 δάο
623 1022 774 1109 μεγεθῶν
797 1019 995 1110 ὁμοιογενῶν
1016 1021 1036 1112 ἡ
1055 1023 1144 1090 ’κατά
1158 1021 1374 1113 ,πηλικότητα
1395 1021 1487 1094 ποέα.

362 1122 495 1206 σχέσις·
518 1120 564 1202 ῶς
586 1115 674 1190 εἶναι
695 1123 754 1191 καὶ
774 1120 828 1192 ἐπ’
850 1120 955 1192 αὐτῶν
977 1121 1155 1211 ἀναλογίαν
1174 1125 1233 1214 τὴν
1246 1125 1408 1194 τοιούτων
1420 1125 1480 1199 λδ·

362 1248 432 1311 γων
455 1223 644 1315 ὁμοιότητα.

323 1345 340 1392 5
452 1325 638 1395 Ἀνάπαλιν
653 1326 749 1415 λόγος
763 1325 886 1396 ἐστὶνί
867 1353 886 1396 ο
900 1353 959 1396 του
944 1327 1134 1455 ἑπομένου
1146 1354 1232 1418 προς
1240 1354 1280 1398 το
1290 1327 1477 1455 ἡγούμενον.
1505 1355 1518 1394 6

452 1429 616 1499 Συνθέντι
628 1429 766 1558 λόγος’
749 1455 823 1498 εστι
812 1430 944 1520 λῆψις
956 1432 1017 1499 τοῦ
1032 1429 1209 1549 ἡγουμένου
1224 1433 1308 1517 μετὰ
1321 1433 1382 1499 τοῦ
1395 1430 1478 1501 6660-
1504 1465 1517 1504 6

360 1535 465 1619 μένου
488 1535 574 1622 πρδς
597 1529 679 1608 αῶτδ
699 1558 738 1600 το
728 1531 930 1660 ἑπόμενον.
1323 1563 1327 1567 ε
1519 1552 1522 1557 “

451 1635 609 1704 Διελόντι
637 1634 779 1756 λόγος’
762 1638 833 1703 εστὶ
859 1638 965 1727 λῆψις
991 1638 1048 1726 τῆς
1074 1635 1239 1728 ὑπεροχῆς
1263 1631 1343 1726 ἡν
1323 1635 1478 1751 υπερέχει
1504 1671 1518 1709 ι

362 1739 404 1806 τδ
427 1735 608 1828 ἡγούμενον
628 1739 688 1804 τοῦ
710 1734 887 1823 ἑπομένου
894 1739 981 1828 πρδς
1002 1764 1041 1807 το
1030 1736 1234 1825 ἑπόμενον.

306 1857 341 1906 ιο
452 1838 715 1931 Ἀναστρέψαντι
741 1839 883 1927 λόγοςέ
884 1865 939 1909 στι
966 1842 1072 1931 λῆψις
1097 1848 1157 1910 τοῦ
1185 1839 1365 1931 ἡγουμένου
1393 1841 1478 1930 προς
1503 1873 1516 1913 5

362 1945 424 2034 τὴν
445 1939 610 2033 δπεροχὴν
629 1935 671 2033 ἡν
691 1939 845 2032 ὑπερέχει
866 1944 905 2011 τδ
926 1941 1106 2034 ἡγούμενον
1126 1951 1186 2012 τοῦ
1206 1941 1377 2031 ἑπομένου.

449 2041 610 2127 Ἐναλλὰξ
634 2043 731 2132 λόγος
757 2043 849 2112 έστὶν
877 2041 895 2112 6
923 2046 981 2113 τοῆ
1003 2042 1186 2136 ἡγουμένου
1208 2047 1295 2138 πρδς
1315 2047 1354 2114 τδ
1376 2042 1477 2135 ἡγοό-
1503 2078 1517 2118 c

362 2172 467 2236 μενον
485 2147 624 2215 καὶτοῦ
645 2144 809 2233 ἑπομένου
832 2148 917 2236 πρδς
939 2149 977 2215 τδ
1001 2145 1172 2234 ἑπόμενον.

451 2247 548 2318 Δι”
538 2246 611 2318 ι’σου
630 2249 752 2376 λόγος
762 2247 834 2316 ἐστὶ
861 2248 1058 2378 τεταγμένης
1080 2247 1308 2377 ανμλογίας,’
1287 2275 1367 2317 οταν
1388 2244 1411 2341 6
1433 2247 1478 2330 ῶς
1503 2280 1515 2319 ι

309 2380 341 2431 15
363 2350 546 2444 ἡγούμενον
571 2352 658 2441 πρδς
686 2350 908 2437 ἑπόμενον..
901 2347 976 2444 .‚6
1003 2352 1045 2420 66
1068 2352 1126 2420 καὶ
1148 2349 1192 2432 ῶς
1212 2349 1371 2436 ἑπόμενον
1392 2353 1478 2442 πρὸς

363 2453 447 2524 άλλο
468 2455 545 2522 1τοῦ
570 2453 746 2544 ἡγουμένου
774 2452 860 2541 πρὸς
887 2448 970 2521 άλλο
996 2453 1036 2523 δέ
1056 2457 1122 2522 w‘·
1143 2454 1316 2522 τουτέστιν
1334 2451 1477 2534 ἡπεξαι-

362 2560 464 2648 ρεθὲν
484 2558 550 2627 τῶν
571 2557 692 2642 μεταξδ
714 2555 854 2635 ἐναλλάξ
875 2555 967 2644 ὅρων.

390 2730 470 2822 ρκξ.
514 2727 615 2817 Περὶ
636 2731 818 2814 μεγεθῶν
839 2726 1069 2816 συμμέτρων
1087 2728 1160 2796 καὶ
1182 2725 1448 2818 ἀσυμμέτρων.
1486 2738 1546 2800 128

457 2846 551 2928 Τίνες
576 2847 636 2933 μέν
664 2843 809 2935 άριθμοί
837 2842 953 2934 άλογοι
979 2847 1038 2915 καὶ
1066 2844 1285 2937 άσόμμετροι,
1311 2851 1370 2916 καὶ
1391 2850 1478 2930 τίνες

436 3131 458 3181 ι.
478 3127 576 3198 εεομο
588 3128 615 3192 ε,
628 3123 727 3196 ἕξομεν
739 3125 769 3189 ι,
782 3124 954 3194 ιιεωμενυι
1016 3126 1040 3176 6.
1060 3120 1222 3197 οηαιομιι]
1236 3095 1416 3196 οεκιιογλέ

364 3215 389 3263 5.
410 3209 485 3280 πρὸς
495 3207 575 3263 τὸνΒ
645 3209 669 3259 7.
688 3204 755 3257 αὐτὸ
768 3205 809 3270 τὸ]
823 3204 902 3259 τὸνΒ
965 3208 988 3258 8.
1008 3202 1136 3258 Διελόντι
1148 3215 1197 3257 etc.
1211 3223 1290 3274 usquc
1303 3209 1335 3258 ad
1347 3208 1421 3257 finem
1433 3223 1476 3258 ca-

364 3294 425 3358 pitis
438 3309 486 3343 om.
499 3292 550 3352 Ιλσ,
569 3295 704 3355 corumque
720 3289 778 3338 loco
796 3288 884 3339 edidit:
902 3284 936 3338 τὰ
955 3283 982 3336 δ’
998 3283 1067 3338 ἄλλα
1084 3284 1099 3338 6
1118 3285 1295 3356 στοιχειωτῆς
1311 3287 1341 3341 ἒν
1352 3288 1391 3355 τῷ
1403 3287 1476 3356 πέμ-

365 3391 428 3441 πτη)
440 3373 490 3438 τῆς
504 3368 629 3424 καθόλου
645 3363 847 3437 στοιχειῶσεως
858 3367 983 3439 διορίζει.
1008 3366 1071 3418 Tum
1084 3367 1149 3419 idem
1161 3371 1252 3440 iqsccit
1261 3387 1276 3421 c
1284 3369 1381 3421 nostris
1390 3367 1477 3421 Variis

365 3457 470 3506 collect.
484 3463 538 3520 cap.
552 3453 585 3505 48
594 3447 633 3501 ‘H
641 3445 759 3519 άπειρος
770 3448 888 3520 γραμμὴ
901 3457 949 3500 ctc.
964 3458 991 3501 ct
1003 3465 1056 3515 cap.
1070 3451 1104 3501 49
1118 3452 1182 3504 Τῶν
1194 3449 1353 3521 ἀναλογιῶν
1365 3457 1413 3501 ctc.
1439 3450 1479 3502 Dc.

365 3532 620 3603 reliquisvldcinfcc
633 3534 731 3596 cdccp.
747 3532 861 3583 1281116
953 3525 1071 3598 λόγονΒ
1120 3556 1124 3561 >
1164 3533 1203 3585 12.
1221 3531 1295 3603 πρὸς
1306 3529 1387 3585 τὸνΙ1

367 3619 408 3668 14.
427 3614 478 3668 Δι’
493 3618 565 3680 ἴσον]
578 3623 652 3667 -tctus
669 3615 741 3665 locus
754 3621 890 3679 corruptus
904 3621 955 3664 cst:
972 3613 1104 3676 genuinam
1117 3616 1267 3680 scripturam
1279 3615 1336 3665 vide
1349 3630 1388 3680 ap.
1402 3613 1474 3665 Eucl.

366 3697 446 3751 566.
462 3699 547 3749 1619
623 3696 663 3747 16.
681 3693 742 3746 δέτι
753 3695 813 3744 libri
869 3689 1066 3761 ὑπεξερεθὲνΒ
1137 3694 1176 3745 18.
1196 3710 1242 3761 pro
1256 3711 1309 3762 cap.
1326 3696 1375 3747 128
1387 3703 1414 3746 ct
1427 3697 1476 3747 129

363 3783 406 3832 Da
418 3780 480 3839 nihil
495 3779 572 3828 habet
590 3777 637 3826 nisi
653 3777 726 3827 hacc:
744 3776 822 3845 Περὶ·
832 3775 1001 3846 συμμέτρων
1012 3775 1058 3828 καὶ
1071 3769 1286 3846 ἆουμμέτρωνδ
1300 3773 1477 3844 στοιχειωτὴς

363 3861 395 3916 ἐν
407 3879 446 3928 τῳ
434 3855 568 3927 δεκάτῳ
580 3860 629 3924 τῆς
641 3851 842 3924 στοιχειῶοεως
852 3858 949 3922 βιβλίῳ
962 3853 1053 3908 πολλὰ
1067 3856 1256 3926 παραδίδωσι.
1287 3858 1351 3909 Tum
1363 3858 1449 3908 adiicit
1461 3873 1475 3907 c

365 3943 462 3994 nostris
475 3941 561 3992 Variis
574 3940 676 3990 collect.
690 3953 744 4002 cap
758 3939 792 3989 46
804 3945 830 3988 ct
841 3938 887 3988 47·
911 3933 950 3988 T6
967 3933 1053 4007 ρητὸν
1069 3939 1115 3988 καὶ
1132 3934 1238 4006 άλογον
1253 3955 1332 4006 usquc
1349 3939 1382 3988 αδ
1394 3935 1477 3990 δεδο-

363 4022 639 4094 μέναι.111ε(1ειιίηιιο
652 4018 750 4069 idem
729 4034 782 4069 ιιοο
791 4020 845 4069 ulla
854 4018 1015 4069 distinctione
1025 4021 1086 4069 hacc
1095 4021 1165 4071 addit
1175 4019 1229 4083 (fol.
1239 4021 1288 4070 491>
1298 4027 1365 4070 extr.
1369 4019 1389 4082 6.
1404 4005 1474 4069 Ἀπὸ

364 4105 414 4170 τῆς
423 4105 610 4172 προτεθείσης
619 4097 731 4158 εὐθεῖας
738 4096 913 4197 τετράγωνον
922 4095 1005 4172 ῥητὸν
1014 4096 1110 4182 λέγει
1098 4114 1113 4150 ο
1123 4095 1281 4165 Εὐκλείδης.
1301 4101 1475 4169 προτεθεῖσα

365 4186 398 4238 δὲ
414 4182 513 4238 εὐθεῖα
528 4185 663 4246 καλεῖται,
679 4176 740 4247 ῆτις
757 4179 830 4252 άρχη
818 4180 952 4249 μέτρων
963 4181 1010 4231 καὶ
1023 4184 1084 4232 οἱον
1096 4182 1143 4231 καὶ
1154 4177 1247 4233 κόνων
1259 4180 1299 4236 είς
1309 4178 1476 4249 ἐκμέτρησιν

365 4264 435 4339 ἡμῖν
451 4267 549 4336 μηκῶν
565 4263 633 4316 καθ’
652 4259 796 4314 ὑπόθεσιν
807 4262 943 4326 εἴληπται.
968 4253 1031 4314 οἷον
1043 4264 1071 4314 εἴ
1080 4278 1122 4318 τις
1133 4263 1275 4331 προτείνει
1286 4257 1379 4312 ποσὸν
1391 4262 1475 4328 (προ·

366 4351 466 4414 τείνοι,
482 4342 576 4399 πόσον
590 4347 637 4410 Ha)
654 4347 696 4409 εἴη
712 4343 743 4394 τὸ
759 4340 863 4413 μεταξὺ
879 4339 1023 4412 διάστημα
1039 4338 1232 4436 ὑποκειμένων
1248 4341 1333 4395 τινῶν
1352 4343 1475 4408 σημεῑων

367 4423 486 4481 οὐδὲν
469 4445 505 4480 αν
523 4421 555 4478 υἷι
550 4420 691 4484 ’δεόντως
706 4420 883 4479 πυνθάνοιτο
902 4425 949 4489 (sic
966 4425 1004 4475 Ha
1019 4441 1065 4490 pro
1083 4418 1227 4476 πυνθάνοι
1238 4419 1284 4487 τὸ)
1302 4423 1403 4476 ποσῶν
1414 4419 1475 4475 ἐστὶ

366 4503 500 4562 ποδῶν
484 4527 501 4574 6
515 4509 624 4577 πηχῶνι
642 4504 797 4575 ἀναγκαῖον
812 4501 849 4560 ἂν
865 4505 926 4558 δέοι
937 4503 1028 4573 πηχὸς
1041 4500 1154 4572 (πήχεος
1164 4505 1211 4566 Hc)
1224 4504 1270 4554 καὶ
1283 4499 1374 4562 ποδὸς
1385 4505 1475 4558 αἰτεῖν

366 4589 440 4662 ἡμᾶς
455 4588 534 4658 παρὰ
549 4591 601 4642 τοῦ
616 4589 790 4658 παρέχοντος
805 4583 975 4654 πηλικότηνα
993 4589 1043 4653 (sic
1055 4589 1093 4639 Ha
1104 4603 1149 4653 pro
1163 4582 1371 4653 76666666660662
1388 4585 1435 4637 καλ
1447 4582 1474 4637 ἐ·
