3925 5742
1023 1572 1090 1631 VII.

740 1746 928 1822 HERONIS
950 1745 1083 1821 LIBER
1105 1741 1375 1818 GEEPONIGUS.

1024 1928 1093 1935 ——-

742 2043 905 2153 Ἥμονος
930 2045 1161 2143 γεητονικδν
1185 2044 1364 2136 βιβλίον.

474 2194 487 2252 1
608 2179 720 2260 Τίνες
741 2178 783 2248 αὶ
804 2182 963 2268 γενικαί
985 2185 1060 2249 τῶν
1081 2178 1288 2270 σχημάτων
1310 2174 1527 2265 διυφοραί,·

596 2284 667 2349 Τῶν
695 2282 732 2351 δέ
757 2284 932 2373 σχημάτων
955 2279 978 2351 δ
998 2285 1057 2369 μέν
1078 2283 1169 2351 ἐστιν
1191 2279 1354 2362 ἐπίπεδα,
1382 2273 1405 2345 d?
1428 2281 1466 2346 δέ
1488 2276 1615 2366 στερεά,

506 2412 536 2453 κ.
550 2413 579 2452 τ.
594 2388 623 2452 λ.
646 2391 729 2472 (Vide
742 2393 805 2454 bes.
822 2392 885 2468 27).

472 2509 492 2568 2
586 2504 697 2584 Τίνες
719 2502 761 2572 αλ
782 2507 859 2572 τῶν
880 2505 1087 2574 ἐπιπέδων
1108 2505 1314 2596 σχημάτων
1337 2500 1547 2593 διαφοραί,·
1636 2520 1649 2567 5

596 2610 669 2673 Τῶν
690 2607 723 2674 ἐν
744 2613 819 2687 ταῖς
840 2607 1056 2698 ἐπιφανείαις
1076 2608 1250 2699 σχημάτων
1272 2635 1300 2677 κ.
1315 2634 1342 2674 τ.
1357 2609 1386 2672 λ.
1403 2613 1448 2688 (V.
1464 2611 1535 2670 ibid.
1552 2607 1616 2687 28).

475 2752 493 2813 3
582 2745 682 2832 Περὶ
705 2740 931 2814 ἀσυνδέτου
953 2745 1154 2814 ἐπιπέδου
1176 2743 1391 2835 σχήματος,
1415 2741 1436 2810 ὅ
1458 2741 1547 2810 ἐστι

989 2846 1139 2928 κύκλος.

592 2947 722 3028 Κύκλος
748 2947 820 3016 ἐστὶ
847 2950 887 3017 τδ
913 2949 982 3017 ύπδ
1010 2958 1091 3035 μιᾶς
1116 2951 1265 3037 γραμμῆς
1286 2946 1520 3034 περιεχόμενον
1541 2942 1617 3012 ἐπί-

508 3052 621 3117 πεδον.
645 3077 673 3117 κ.
688 3076 717 3118 τ.
732 3051 760 3118 λ.
784 3056 829 3136 (V.
845 3056 914 3118 ibid.
931 3058 996 3133 29).
1638 3072 1664 3122 10

473 3180 492 3238 4
886 3173 986 3259 Περὶ
1009 3170 1240 3259 διαμέτρου.

594 3273 785 3362 Διάμετρος
817 3272 856 3340 δέ
887 3276 947 3341 τοῦ
979 3273 1098 3341 κύκλου
1130 3272 1221 3340 ἐστὶν
1250 3269 1366 3340 εύδεῒά
1391 3296 1444 3351 τις
1472 3269 1532 3337 διά
1560 3275 1619 3336 τοῦ

508 3373 639 3463 κέντρου
661 3372 782 3465 ἠγμένη
804 3402 834 3442 κ.
849 3400 878 3442 τ.
894 3378 922 3443 λ.
945 3381 990 3460 (V.
1007 3382 1077 3444 ibid.
1094 3381 1158 3459 30).

474 3521 493 3578 5
561 3591 567 3601 .
598 3512 700 3596 Περί
721 3515 796 3578 τῶν
816 3512 856 3580 ἐν
876 3519 960 3594 τοῖς
980 3513 1198 3594 ἐπιπέδοις
1219 3513 1262 3594 ἐξ
1283 3508 1528 3597 άνομογενῶν

610 3614 815 3682 συνθέτων
836 3617 1103 3707 περιφερειῶν
1125 3614 1346 3705 σχημάτων,
1368 3604 1455 3682 οἷύν
1477 3609 1518 3679 τί
1638 3622 1664 3671 15

874 3716 985 3785 ἐστιν
1004 3714 1254 3807 ἡμικύκλιον.

590 3814 813 3900 Ἥμικύκλιύν
842 3816 915 3885 ἐστι
942 3820 982 3886 τδ
1011 3817 1243 3908 περιεχόμενον
1267 3825 1376 3908 σχῆμα
1400 3842 1429 3882 κ.
1455 3840 1484 3882 τ.
1512 3817 1540 3882 λ
1569 3820 1618 3896 (V.

509 3923 578 3984 ibid.
602 3923 666 4002 31).

901 4021 949 4091 Τί
970 4022 1082 4091 ἐστιν
1104 4020 1223 4115 άψίςς

596 4120 698 4213 Ἅψὶς
717 4124 755 4192 δέ
772 4124 845 4192 ἐστι
858 4125 898 4192 τδ
912 4123 1046 4193 ἐλαττον
1060 4123 1254 4216 ἡμικυκλίου
1269 4152 1297 4193 κ.
1313 4149 1341 4191 τ.
1357 4126 1385 4190 λ.
1408 4129 1453 4208 (V.
1466 4126 1539 4188 ibid.
1553 4127 1618 4203 32).
1639 4134 1667 4182 20

738 4243 784 4311 Τί
805 4245 892 4313 ἐστι
913 4251 1059 4324 κοινῶς
1079 4252 1215 4335 τμῆμα
1236 4243 1397 4325 κύκλους

596 4347 729 4427 Κοινῶς
751 4347 788 4414 δέ
804 4348 921 4436 Ιτμῆμα
942 4346 1061 4414 κύκλου
1084 4346 1174 4414 ἐστίν
1195 4372 1224 4413 κ.
1237 4372 1267 4413 τ.
1282 4349 1311 4413 λ.
1335 4353 1380 4430 (V.
1395 4350 1465 4412 ibid.
1482 4349 1549 4424 33).

722 4465 791 4546 Τίς
812 4464 832 4556 ἡ
855 4465 895 4534 ἐν
915 4466 1091 4554 τμήματι
1112 4465 1254 4533 κύκλου
1277 4463 1412 4552 γωνίας

593 4563 639 4634 Ἡ
656 4567 690 4635 ἐν
710 4568 857 4657 τμήματι
878 4567 998 4634 κύκλου
1022 4565 1123 4654 γωνία
1144 4566 1233 4636 ἐστὶν
1254 4593 1282 4634 κ.
1306 4592 1334 4633 τ.
1356 4568 1383 4633 λ.
1408 4570 1452 4648 (V.
1468 4570 1539 4631 ibid.
1557 4569 1619 4646 34).
