3925 5742
772 787 868 839 LIBER
886 786 1104 840 GEEPONICUS.
1442 793 1490 845 221

406 936 415 961 ν
440 942 457 964 u
495 928 514 963 τ’
654 939 664 966 ν
763 936 772 966 x
891 938 899 968 1
959 946 968 977 y
1047 945 1064 967 νυ
1217 942 1225 974 1
1252 948 1260 975 ν
1286 943 1295 975 1
1354 947 1370 968 ¹⁴⁶

380 970 454 1033 ᾱυΐῃ
481 970 554 1009 Ουσᾱ
576 970 707 1040 χωρηρει
738 971 786 1025 Γᾶς
809 953 913 1025 Minas
935 956 952 1030 ξ
973 968 981 984 ’
1011 973 1097 1011 τουτο
1122 945 1152 1011 δὲ
1176 973 1225 1012 καί
1248 976 1295 1014 ἔπι
1318 975 1369 1014 701)
1392 976 1490 1015 κατω-

379 1045 453 1128 τέρω
483 1041 704 1132 προβλήματος·
734 1039 751 1134 η
780 1045 828 1135 μἐν
857 1046 909 1132 μιά
939 1047 994 1114 τῶν
1023 1047 1150 1131 πλευράν
1179 1049 1229 1135 τῆς
1258 1050 1360 1137 στέγης
1382 1044 1490 1138 ύπογέ-

379 1174 511 1233 γραπται
539 1149 570 1214 υ’
599 1147 722 1234 αἶροῧσα
745 1149 914 1238 κεραμίδος,
945 1144 963 1237 ἡ
988 1149 1019 1216 δὲ
1044 1151 1126 1236 ἑτέρα
1150 1146 1199 1218 καλ
1222 1146 1384 1219 ἀπεναντίον
1408 1180 1490 1220 νοου-

378 1251 447 1338 μένη
472 1246 522 1332 τός
547 1246 651 1332 λοιπάς
673 1247 708 1317 ν’
728 1252 765 1332 εἷς
788 1249 991 1340 οἱναπλῆρωσιν
1015 1253 1070 1320 τῶν
1094 1254 1134 1320 ω’
1155 1250 1292 1342 λη’ψεται.

332 1371 358 1418 ’5
470 1353 643 1444 Τρίκλινος
663 1351 740 1445 ἤτοι
761 1351 883 1445 ὦρεῖον,
907 1347 946 1424 οὗ
966 1356 1008 1425 τό
1027 1357 1086 1442 μὲν
1106 1359 1209 1448 μῆκος
1231 1364 1345 1449 πηχῶν
1366 1358 1400 1427 κ’
1414 1386 1443 1428 κ.
1459 1384 1488 1426 τ.
1504 1360 1546 1425 89

378 1457 407 1522 λ.
433 1462 479 1541 (V.
496 1461 572 1525 Ster.
587 1462 610 1537 1,
626 1463 691 1540 47).

462 1590 559 1660 Τίνα
578 1593 676 1684 μέρη
698 1596 772 1662 τῶν
793 1593 834 1664 ἐν
854 1600 942 1676 τοῖς
961 1596 1161 1684 μεγέθεσι
1182 1596 1408 1689 μετρήσεσιν
1504 1603 1546 1666 90

681 1699 1006 1784 καταμετροῦντα
1027 1699 1077 1765 τὰ
1100 1696 1188 1781 ὅλας

470 1799 542 1864 Τῶν
571 1798 609 1868 δὲ
635 1797 670 1867 ἐν
694 1805 767 1880 τοῖς
792 1799 952 1887 μεγέθεσι
978 1798 1163 1892 μετρήσεων
1188 1799 1270 1891 μέρη
1298 1828 1327 1870 κ.
1342 1805 1413 1871 τ.λ
1442 1808 1487 1888 (V.

326 1919 357 1968 10
377 1903 441 1965 Def.
460 1903 544 1983 130).

548 2021 595 2086 Τι’
615 2021 691 2087 τῶν
712 2018 925 2111 εἰρημένων
947 2019 1117 2090 ἕκαστον
1139 2021 1328 2106 δύναταις
1504 2028 1542 2090 91

463 2120 561 2188 Κατά
586 2119 647 2207 μὲν
672 2123 730 2212 τήν
754 2123 904 2190 παλαιάν
931 2119 1069 2193 ἔκθεσιν
1090 2124 1340 2213 παραλιπόντες
1359 2125 1403 2192 τά
1424 2149 1489 2193 πε-

376 2223 480 2312 ρισσά
500 2249 530 2289 κ.
544 2247 573 2290 τ.
588 2224 616 2290 λ.
640 2228 685 2309 (V.
700 2230 770 2293 ibid.
788 2229 872 2307 131).

460 2322 511 2393 Ἐν
532 2325 682 2417 συντόμῳ
706 2328 743 2394 δὲ
763 2323 832 2411 ἐγει
854 2327 994 2396 ἕκαστον
1014 2354 1044 2394 κ.
1060 2339 1088 2395 τ.
1104 2331 1131 2395 λ.
1154 2335 1200 2415 (V.
1216 2318 1385 2411 ibid.'132).
1502 2342 1543 2406 92

321 2482 355 2531 15
391 2459 689 2553 Εύθυμετρικά,
717 2459 1044 2553 ἓμβαδομετρικά
1065 2464 1133 2532 καὶ
1156 2463 1470 2555 στερεομετρικό.
1502 2475 1542 2537 93

458 2561 494 2632 ‘0
516 2565 706 2654 παλαιστὴς
728 2561 746 2632 ὃ
769 2561 1008 2652 εύθυμετρικδς
1028 2592 1058 2634 κ.
1073 2592 1101 2634 τ.
1117 2568 1144 2634 λ.
1172 2574 1217 2653 (V.
1232 2573 1302 2635 ibid.
1319 2572 1401 2650 133).

539 2690 555 2723 <l

553 2714 703 2804 Ηρανοε
728 2695 835 2802 ιὀρχλ
862 2703 933 2776 τῶν
958 2697 1322 2803 γεαμετρουμένων.
1501 2720 1543 2783 94

462 2815 590 2896 Καθὼς
615 2811 704 2904 ἡμᾶς
730 2811 749 2881 ό
775 2816 924 2896 παλαιός
949 2815 1105 2884 διδάσκει
1133 2813 1246 2902 λόγος,
1277 2812 1485 2884 οἱπλεῖστοι

375 2942 406 2982 κ.
420 2941 450 2982 τ.
464 2916 494 2983 λ.
517 2922 563 3001 (V.
579 2921 681 2984 Geom.
697 2922 741 3001 2).

317 3063 354 3114 20
741 3030 904 3140 Ἠρανος
928 3030 1115 3139 μετρικοὶ.
1500 3054 1541 3117 95

466 3152 513 3219 Τδ
536 3148 683 3242 ἰούγερον
706 3148 775 3238 ἔχει
797 3150 936 3234 άκαίνας
950 3151 984 3220 τ’
1000 3152 1118 3239 γεϊκῶν
1133 3150 1248 3217 ποδῶν
1262 3147 1339 3235 ,δυ’
1359 3147 1486 3238 μήκους

374 3252 438 3339 γάρ
466 3247 535 3335 ἔχει
564 3249 703 3332 άκαίνας
728 3252 791 3321 κδ’·
819 3255 1001 3344 διαιρεῖται
1028 3253 1067 3321 δὲ
1092 3249 1140 3332 εἰς
1167 3249 1200 3318 κ’
1226 3250 1306 3340 μέρη
1334 3247 1396 3318 άνοὶ
1423 3249 1485 3338 ιβ’,

322 3419 326 3427 ,
374 3352 520 3439 γίνονται
547 3355 652 3436 πόδες
678 3355 750 3441 σμ’·
777 3356 924 3437 πλάτους
949 3358 987 3423 δὲ
1009 3353 1078 3440 ἔχει
1099 3353 1230 3422 διύδεκα
1253 3349 1406 3436 άκαύνας,
1435 3349 1485 3440 γί-

373 3480 488 3523 νονται
509 3456 613 3537 πόδες
633 3456 696 3545 ρκ’·
719 3455 777 3525 δάν
798 3458 837 3525 δὲ
857 3458 896 3525 τδ
917 3466 1022 3548 μῆκος
1043 3457 1104 3526 ἐπὶ
1124 3456 1164 3524 τό
1187 3455 1324 3538 πλάτος,
1341 3454 1486 3543 γίνονται

318 3573 353 3622 25
376 3556 482 3638 πόδες
502 3547 612 3648 δηιά.
655 3555 676 3648 ἡ
699 3554 821 3626 άκαινα
843 3558 956 3640 πόδας
977 3556 1047 3643 ἔχει
1063 3557 1120 3646 ιβ’,
1136 3557 1283 3645 γίνονται
1298 3558 1486 3625 παλαισταὶ

373 3659 443 3749 μη’.
488 3655 618 3741 ὀπούς
644 3657 712 3743 ἔχει
737 3662 928 3742 παλαιστάς
955 3662 998 3744 δ’,
1028 3661 1208 3740 δακτύλους
1238 3659 1294 3742 ις’.
1338 3657 1357 3727 ὁ
1380 3660 1485 3748 πῆχυς

375 3758 394 3830 ό
423 3758 660 3853 εύθυμετρικὸς
685 3760 753 3848 ἔχει
779 3762 874 3831 πόδα
902 3762 959 3835 ἕνα
987 3771 1019 3831 t·
1048 3761 1066 3831 ό
1089 3769 1196 3855 πῆχυς
1218 3761 1237 3831 ὁ
1257 3763 1393 3843 λιθικδς
1415 3760 1484 3846 ἔχει

375 3861 499 3950 ὁμοίως
521 3864 613 3934 πόδα
635 3865 671 3933 α’
694 3873 723 3950 t,
746 3865 928 3947 δακτύλους
948 3866 1014 3934 κδ’.

457 3965 533 4035 Ἐάν
553 3969 593 4036 τό
615 3966 744 4049 πλάτος
763 3969 840 4048 τούς
860 3969 915 4036 κδ’
935 3969 996 4038 ἐπὶ
1017 3970 1095 4049 τούς
1116 3966 1182 4047 κδ’,
1198 3965 1345 4054 γίνονται
1360 3965 1482 4034 δάκτυ-
1500 3984 1513 4023 ¹

318 4085 353 4134 30
374 4071 429 4137 λοι
450 4071 539 4161 φος’·
560 4070 696 4151 τούτους
717 4071 777 4138 ἐπὶ
800 4072 837 4139 τδ
860 4069 969 4156 πάχος
991 4071 1135 4160 γίνονται
1154 4065 1305 4155 α’γελαῖοι
1324 4069 1482 4135 δάκτυλοι
1518 4139 1521 4147 ,

374 4172 523 4259 ἇ,γωκδ’,
545 4172 662 4255 ξέσται
682 4170 776 4262 ὑγροὶ
789 4172 857 4262 μη’.
886 4174 1001 4264 *ξηρός
1016 4172 1054 4241 δὲ
1067 4176 1166 4263 χωρεῖ
1177 4197 1232 4258 μο.
1265 4165 1285 4237 i]
1302 4167 1483 4249 Ἰταλικοὺς

372 4274 432 4342 λε’·
454 4274 516 4343 ἐπὶ
535 4276 585 4342 λε’
608 4274 751 4362 γίνονται
776 4275 896 4360 ,αοκε’·
924 4275 984 4343 καὶ
1007 4281 1112 4343 ταῦτα
1133 4270 1410 4340 πολυπλασίασον
1432 4266 1482 4337 ἓν·

373 4377 522 4459 δεκάκις·
545 4376 691 4465 γίνονται
714 4376 849 4465 ἆ,γυοε’.

440 4537 483 4589 τε.
500 4534 695 4604 memma
762 4536 804 4589 ιτ.
819 4521 1009 4606 mmo
1078 4530 1263 4606 ταμηυμε
1332 4515 1478 4602 νοφῑιῇε

441 4618 484 4670 31.
502 4616 591 4689 ξηρὸς]
603 4636 635 4672 ευ
646 4617 763 4693 ξηροὺςλ
