<?xml version="1.0" encoding="UTF-8"?>
<!DOCTYPE html PUBLIC "-//W3C//DTD XHTML 1.0 Transitional//EN"
    "http://www.w3.org/TR/xhtml1/DTD/xhtml1-transitional.dtd">
<html xmlns="http://www.w3.org/1999/xhtml" xml:lang="en" lang="en">
 <head>
  <title>
</title>
<meta http-equiv="Content-Type" content="text/html;charset=utf-8" />
  <meta name='ocr-system' content='tesseract 3.04.00' />
  <meta name='ocr-capabilities' content='ocr_page ocr_carea ocr_par ocr_line ocrx_word'/>
</head>
<body>
  <div class='ocr_page' id='page_1' title='image "./heronisalexandr00hultgoog/heronisalexandr00hultgoog_0299.png"; bbox 0 0 3925 5742; ppageno 0'>
   <div class='ocr_carea' id='block_1_1' title="bbox 693 756 1449 818">
    <p class='ocr_par' dir='ltr' id='par_1_1' title="bbox 693 756 1449 818">
     <span class='ocr_line' id='line_1_1' title="bbox 693 756 1449 818; baseline 0.001 -9"><span class='ocrx_word' id='word_1_1' title='bbox 693 757 817 818; x_wconf 78' lang='lat' dir='ltr'><strong>VARIAE</strong></span> <span class='ocrx_word' id='word_1_2' title='bbox 836 756 1095 810; x_wconf 77' lang='lat' dir='ltr'>COLLECTIONES.</span> <span class='ocrx_word' id='word_1_3' title='bbox 1400 759 1449 810; x_wconf 81' lang='lat'><strong><em>249</em></strong></span> 
     </span>
    </p>
   </div>
   <div class='ocr_carea' id='block_1_2' title="bbox 290 907 1509 2858">
    <p class='ocr_par' dir='ltr' id='par_1_2' title="bbox 290 907 1509 2858">
     <span class='ocr_line' id='line_1_2' title="bbox 303 907 1450 1001; baseline -0.002 -22"><span class='ocrx_word' id='word_1_4' title='bbox 303 948 309 961; x_wconf 90' lang='lat'><em>·</em></span> <span class='ocrx_word' id='word_1_5' title='bbox 342 909 394 979; x_wconf 73' lang='grc' dir='ltr'><strong><em>ἀι&gt;</em></strong></span> <span class='ocrx_word' id='word_1_6' title='bbox 416 910 626 990; x_wconf 74' lang='grc' dir='ltr'><em>ἀνακλάσεως</em></span> <span class='ocrx_word' id='word_1_7' title='bbox 646 913 796 1001; x_wconf 79' lang='grc' dir='ltr'><strong><em>θηρᾶται</em></strong></span> <span class='ocrx_word' id='word_1_8' title='bbox 816 912 856 978; x_wconf 82' lang='grc' dir='ltr'><strong><em>τά</em></strong></span> <span class='ocrx_word' id='word_1_9' title='bbox 877 908 1078 1000; x_wconf 88' lang='grc' dir='ltr'><strong><em>προβληθέν.</em></strong></span> <span class='ocrx_word' id='word_1_10' title='bbox 1124 908 1238 1001; x_wconf 84' lang='grc' dir='ltr'><strong><em>ῶσπερ</em></strong></span> <span class='ocrx_word' id='word_1_11' title='bbox 1260 911 1319 978; x_wconf 85' lang='grc' dir='ltr'><strong><em>καί</em></strong></span> <span class='ocrx_word' id='word_1_12' title='bbox 1334 907 1353 978; x_wconf 88' lang='grc' dir='ltr'><strong><em>ὄ</em></strong></span> <span class='ocrx_word' id='word_1_13' title='bbox 1368 935 1450 999; x_wconf 83' lang='grc' dir='ltr'><strong><em>χεω-</em></strong></span> 
     </span>
     <span class='ocr_line' id='line_1_3' title="bbox 341 1011 1451 1104; baseline -0.002 -23"><span class='ocrx_word' id='word_1_14' title='bbox 341 1015 462 1104; x_wconf 81' lang='grc' dir='ltr'><strong><em>μέτρης</em></strong></span> <span class='ocrx_word' id='word_1_15' title='bbox 482 1013 543 1094; x_wconf 88' lang='grc' dir='ltr'><strong><em>τάς</em></strong></span> <span class='ocrx_word' id='word_1_16' title='bbox 564 1015 701 1100; x_wconf 79' lang='grc' dir='ltr'><strong><em>λογικάς</em></strong></span> <span class='ocrx_word' id='word_1_17' title='bbox 722 1011 858 1094; x_wconf 85' lang='grc' dir='ltr'><strong><em>εόθείας</em></strong></span> <span class='ocrx_word' id='word_1_18' title='bbox 875 1012 1137 1100; x_wconf 78' lang='grc' dir='ltr'><strong><em>μεταχειρίζεται</em></strong></span> <span class='ocrx_word' id='word_1_19' title='bbox 1153 1015 1332 1096; x_wconf 83' lang='grc' dir='ltr'><strong><em>πολλαχοῦ,</em></strong></span> <span class='ocrx_word' id='word_1_20' title='bbox 1348 1011 1451 1092; x_wconf 85' lang='grc' dir='ltr'><strong><em>οότως</em></strong></span> 
     </span>
     <span class='ocr_line' id='line_1_4' title="bbox 343 1110 1480 1206; baseline -0.002 -22"><span class='ocrx_word' id='word_1_21' title='bbox 343 1113 361 1184; x_wconf 85' lang='grc' dir='ltr'>ὁ</span> <span class='ocrx_word' id='word_1_22' title='bbox 386 1114 568 1205; x_wconf 81' lang='grc' dir='ltr'><strong><em>χεωδαίτης</em></strong></span> <span class='ocrx_word' id='word_1_23' title='bbox 588 1121 662 1196; x_wconf 84' lang='grc' dir='ltr'><strong><em>ταῖς</em></strong></span> <span class='ocrx_word' id='word_1_24' title='bbox 684 1112 864 1206; x_wconf 77' lang='grc' dir='ltr'><strong><em>αἰσθηταῖς</em></strong></span> <span class='ocrx_word' id='word_1_25' title='bbox 886 1116 1101 1204; x_wconf 79' lang='grc' dir='ltr'><strong><em>προσχρῆται.</em></strong></span> <span class='ocrx_word' id='word_1_26' title='bbox 1144 1114 1269 1182; x_wconf 83' lang='grc' dir='ltr'><strong><em>τούτων</em></strong></span> <span class='ocrx_word' id='word_1_27' title='bbox 1291 1110 1324 1180; x_wconf 85' lang='lat' dir='ltr'><strong><em>d’</em></strong></span> <span class='ocrx_word' id='word_1_28' title='bbox 1341 1112 1376 1180; x_wconf 85' lang='lat' dir='ltr'><strong><em>oi</em></strong></span> <span class='ocrx_word' id='word_1_29' title='bbox 1390 1112 1480 1200; x_wconf 77' lang='grc' dir='ltr'><strong><em>μένε</em></strong></span> 
     </span>
     <span class='ocr_line' id='line_1_5' title="bbox 343 1210 1451 1307; baseline -0.003 -22"><span class='ocrx_word' id='word_1_30' title='bbox 343 1215 575 1307; x_wconf 80' lang='grc' dir='ltr'><strong><em>ἀκριβέστεραι</em></strong></span> <span class='ocrx_word' id='word_1_31' title='bbox 610 1220 669 1285; x_wconf 81' lang='grc' dir='ltr'><strong><em>διά</em></strong></span> <span class='ocrx_word' id='word_1_32' title='bbox 700 1220 765 1285; x_wconf 90' lang='grc' dir='ltr'><strong><em>τῶν</em></strong></span> <span class='ocrx_word' id='word_1_33' title='bbox 797 1215 937 1285; x_wconf 75' lang='grc' dir='ltr'><strong><em>ἀκτίνων</em></strong></span> <span class='ocrx_word' id='word_1_34' title='bbox 967 1220 1027 1285; x_wconf 85' lang='grc' dir='ltr'><strong><em>τοῦ</em></strong></span> <span class='ocrx_word' id='word_1_35' title='bbox 1058 1215 1152 1307; x_wconf 81' lang='grc' dir='ltr'><strong><em>ἡλίου</em></strong></span> <span class='ocrx_word' id='word_1_36' title='bbox 1178 1215 1402 1303; x_wconf 78' lang='grc' dir='ltr'><strong><em>λαμβάνονται</em></strong></span> <span class='ocrx_word' id='word_1_37' title='bbox 1428 1210 1451 1303; x_wconf 77' lang='grc' dir='ltr'>ἢ</span> 
     </span>
     <span class='ocr_line' id='line_1_6' title="bbox 304 1313 1451 1409; baseline -0.003 -23"><span class='ocrx_word' id='word_1_38' title='bbox 304 1339 320 1386; x_wconf 83' lang='grc'><strong>5</strong></span> <span class='ocrx_word' id='word_1_39' title='bbox 345 1322 516 1408; x_wconf 84' lang='grc' dir='ltr'><strong><em>ὄιοπτρῶν</em></strong></span> <span class='ocrx_word' id='word_1_40' title='bbox 539 1315 570 1409; x_wconf 74' lang='grc' dir='ltr'><strong><em>[ἢ</em></strong></span> <span class='ocrx_word' id='word_1_41' title='bbox 590 1321 654 1386; x_wconf 85' lang='grc' dir='ltr'><strong><em>τῶν</em></strong></span> <span class='ocrx_word' id='word_1_42' title='bbox 675 1318 994 1409; x_wconf 75' lang='grc' dir='ltr'><strong><em>ὄπιπροσθετήσεων</em></strong></span> <span class='ocrx_word' id='word_1_43' title='bbox 1016 1317 1327 1406; x_wconf 74' lang='grc' dir='ltr'><strong><em>ἐκλαμβανόμεναι],</em></strong></span> <span class='ocrx_word' id='word_1_44' title='bbox 1356 1313 1391 1384; x_wconf 80' lang='grc' dir='ltr'><strong><em>αὶ</em></strong></span> <span class='ocrx_word' id='word_1_45' title='bbox 1414 1315 1451 1384; x_wconf 82' lang='grc' dir='ltr'><strong><em>δὲ</em></strong></span> 
     </span>
     <span class='ocr_line' id='line_1_7' title="bbox 342 1413 1450 1510; baseline -0.005 -20"><span class='ocrx_word' id='word_1_46' title='bbox 342 1421 615 1509; x_wconf 86' lang='grc' dir='ltr'><strong><em>σωματικῶτεραι</em></strong></span> <span class='ocrx_word' id='word_1_47' title='bbox 646 1423 705 1489; x_wconf 81' lang='grc' dir='ltr'><strong><em>διά</em></strong></span> <span class='ocrx_word' id='word_1_48' title='bbox 732 1421 881 1502; x_wconf 86' lang='grc' dir='ltr'><strong><em>στάσεως</em></strong></span> <span class='ocrx_word' id='word_1_49' title='bbox 906 1422 965 1489; x_wconf 85' lang='grc' dir='ltr'><strong><em>καὶ</em></strong></span> <span class='ocrx_word' id='word_1_50' title='bbox 994 1419 1112 1503; x_wconf 73' lang='grc' dir='ltr'><strong><em>ἕλξεως</em></strong></span> <span class='ocrx_word' id='word_1_51' title='bbox 1131 1418 1303 1510; x_wconf 87' lang='grc' dir='ltr'><strong><em>μηρίνθων</em></strong></span> <span class='ocrx_word' id='word_1_52' title='bbox 1324 1413 1348 1507; x_wconf 76' lang='grc' dir='ltr'>ἢ</span> <span class='ocrx_word' id='word_1_53' title='bbox 1370 1415 1450 1486; x_wconf 92' lang='grc' dir='ltr'><strong><em>στά-</em></strong></span> 
     </span>
     <span class='ocr_line' id='line_1_8' title="bbox 343 1519 1479 1614; baseline -0.008 -22"><span class='ocrx_word' id='word_1_54' title='bbox 343 1531 443 1614; x_wconf 86' lang='grc' dir='ltr'><strong><em>θμης.</em></strong></span> <span class='ocrx_word' id='word_1_55' title='bbox 486 1523 619 1603; x_wconf 86' lang='grc' dir='ltr'><strong><em>τούτοις</em></strong></span> <span class='ocrx_word' id='word_1_56' title='bbox 641 1525 702 1614; x_wconf 78' lang='grc' dir='ltr'><strong><em>γάρ</em></strong></span> <span class='ocrx_word' id='word_1_57' title='bbox 723 1523 889 1611; x_wconf 80' lang='grc' dir='ltr'><strong><em>χρώμενος</em></strong></span> <span class='ocrx_word' id='word_1_58' title='bbox 910 1521 929 1591; x_wconf 87' lang='grc' dir='ltr'><strong><em>ὄ</em></strong></span> <span class='ocrx_word' id='word_1_59' title='bbox 952 1521 1133 1611; x_wconf 83' lang='grc' dir='ltr'><strong><em>χεωδαίτης</em></strong></span> <span class='ocrx_word' id='word_1_60' title='bbox 1146 1526 1259 1609; x_wconf 85' lang='grc' dir='ltr'><strong><em>μετρεῖ</em></strong></span> <span class='ocrx_word' id='word_1_61' title='bbox 1272 1519 1479 1610; x_wconf 86' lang='grc' dir='ltr'><strong><em>πόρρωθιντ</em></strong></span> 
     </span>
     <span class='ocr_line' id='line_1_9' title="bbox 344 1622 1452 1717; baseline -0.002 -25"><span class='ocrx_word' id='word_1_62' title='bbox 344 1623 519 1717; x_wconf 77' lang='grc' dir='ltr'><strong><em>ἀφεστῶτα</em></strong></span> <span class='ocrx_word' id='word_1_63' title='bbox 539 1623 658 1714; x_wconf 87' lang='grc' dir='ltr'><strong><em>χωρία,</em></strong></span> <span class='ocrx_word' id='word_1_64' title='bbox 686 1623 770 1712; x_wconf 88' lang='grc' dir='ltr'><strong><em>ἀρῶν</em></strong></span> <span class='ocrx_word' id='word_1_65' title='bbox 792 1622 1022 1715; x_wconf 84' lang='grc' dir='ltr'><strong><em>ἀναστήματα,</em></strong></span> <span class='ocrx_word' id='word_1_66' title='bbox 1048 1631 1166 1707; x_wconf 80' lang='grc' dir='ltr'><strong><em>τειχῶν</em></strong></span> <span class='ocrx_word' id='word_1_67' title='bbox 1187 1622 1268 1713; x_wconf 81' lang='grc' dir='ltr'><strong><em>ὄψη,</em></strong></span> <span class='ocrx_word' id='word_1_68' title='bbox 1291 1623 1452 1709; x_wconf 80' lang='grc' dir='ltr'><strong><em>ποταμῶν</em></strong></span> 
     </span>
     <span class='ocr_line' id='line_1_10' title="bbox 344 1722 1483 1816; baseline -0.005 -21"><span class='ocrx_word' id='word_1_69' title='bbox 344 1728 453 1816; x_wconf 92' lang='grc' dir='ltr'><strong><em>πλάτη</em></strong></span> <span class='ocrx_word' id='word_1_70' title='bbox 477 1730 534 1794; x_wconf 85' lang='grc' dir='ltr'><strong><em>καί</em></strong></span> <span class='ocrx_word' id='word_1_71' title='bbox 556 1727 649 1816; x_wconf 88' lang='grc' dir='ltr'><strong><em>βάθη</em></strong></span> <span class='ocrx_word' id='word_1_72' title='bbox 672 1728 729 1795; x_wconf 85' lang='grc' dir='ltr'><strong><em>καὶ</em></strong></span> <span class='ocrx_word' id='word_1_73' title='bbox 752 1725 814 1795; x_wconf 88' lang='grc' dir='ltr'><strong><em>ὅσα</em></strong></span> <span class='ocrx_word' id='word_1_74' title='bbox 835 1733 984 1794; x_wconf 81' lang='grc' dir='ltr'><strong><em>τοιαῦτα.</em></strong></span> <span class='ocrx_word' id='word_1_75' title='bbox 1029 1723 1080 1793; x_wconf 77' lang='grc' dir='ltr'><strong><em>ὄτι</em></strong></span> <span class='ocrx_word' id='word_1_76' title='bbox 1102 1724 1122 1815; x_wconf 83' lang='grc' dir='ltr'><em>ἡ</em></span> <span class='ocrx_word' id='word_1_77' title='bbox 1143 1722 1326 1812; x_wconf 75' lang='grc' dir='ltr'><strong><em>γεωδαισία</em></strong></span> <span class='ocrx_word' id='word_1_78' title='bbox 1341 1729 1483 1792; x_wconf 82' lang='grc' dir='ltr'><strong><em>ποιεῖ-ε</em></strong></span> 
     </span>
     <span class='ocr_line' id='line_1_11' title="bbox 290 1824 1451 1918; baseline -0.004 -20"><span class='ocrx_word' id='word_1_79' title='bbox 290 1844 322 1898; x_wconf 83' lang='grc'><strong><em>10</em></strong></span> <span class='ocrx_word' id='word_1_80' title='bbox 344 1857 402 1898; x_wconf 89' lang='grc' dir='ltr'><strong><em>ται</em></strong></span> <span class='ocrx_word' id='word_1_81' title='bbox 427 1832 488 1910; x_wconf 85' lang='grc' dir='ltr'><strong><em>τὰς</em></strong></span> <span class='ocrx_word' id='word_1_82' title='bbox 515 1829 699 1917; x_wconf 79' lang='grc' dir='ltr'><strong><em>διαιρέσεις</em></strong></span> <span class='ocrx_word' id='word_1_83' title='bbox 726 1828 764 1897; x_wconf 84' lang='grc' dir='ltr'><strong><em>οὐ</em></strong></span> <span class='ocrx_word' id='word_1_84' title='bbox 791 1827 892 1914; x_wconf 86' lang='grc' dir='ltr'><strong><em>μόνον</em></strong></span> <span class='ocrx_word' id='word_1_85' title='bbox 914 1825 961 1908; x_wconf 85' lang='grc' dir='ltr'><strong><em>εἶς</em></strong></span> <span class='ocrx_word' id='word_1_86' title='bbox 984 1826 1153 1918; x_wconf 82' lang='grc' dir='ltr'><strong><em>ἰσότητας,</em></strong></span> <span class='ocrx_word' id='word_1_87' title='bbox 1182 1824 1265 1895; x_wconf 84' lang='grc' dir='ltr'><strong><em>ἀλλά</em></strong></span> <span class='ocrx_word' id='word_1_88' title='bbox 1287 1827 1451 1895; x_wconf 80' lang='grc' dir='ltr'><strong><em>καὶκατὰ</em></strong></span> 
     </span>
     <span class='ocr_line' id='line_1_12' title="bbox 343 1928 1451 2020; baseline -0.005 -20"><span class='ocrx_word' id='word_1_89' title='bbox 343 1933 458 2018; x_wconf 81' lang='grc' dir='ltr'><strong><em>λόχους</em></strong></span> <span class='ocrx_word' id='word_1_90' title='bbox 482 1933 541 2000; x_wconf 84' lang='grc' dir='ltr'><strong><em>καὶ</em></strong></span> <span class='ocrx_word' id='word_1_91' title='bbox 567 1929 756 2020; x_wconf 78' lang='grc' dir='ltr'><strong><em>ἀναλογίας,</em></strong></span> <span class='ocrx_word' id='word_1_92' title='bbox 785 1929 857 2000; x_wconf 77' lang='grc' dir='ltr'><strong><em>ἔστι</em></strong></span> <span class='ocrx_word' id='word_1_93' title='bbox 884 1928 918 1999; x_wconf 81' lang='lat' dir='ltr'><strong><em>d&#39;</em></strong></span> <span class='ocrx_word' id='word_1_94' title='bbox 934 1928 990 1999; x_wconf 87' lang='grc' dir='ltr'><strong><em>ὄτε</em></strong></span> <span class='ocrx_word' id='word_1_95' title='bbox 1015 1932 1073 1997; x_wconf 87' lang='grc' dir='ltr'><strong><em>καὶ</em></strong></span> <span class='ocrx_word' id='word_1_96' title='bbox 1099 1931 1185 1998; x_wconf 87' lang='grc' dir='ltr'><strong><em>κατά</em></strong></span> <span class='ocrx_word' id='word_1_97' title='bbox 1212 1931 1272 2019; x_wconf 81' lang='grc' dir='ltr'><strong><em>την</em></strong></span> <span class='ocrx_word' id='word_1_98' title='bbox 1295 1932 1362 1997; x_wconf 89' lang='grc' dir='ltr'><strong><em>τῶν</em></strong></span> <span class='ocrx_word' id='word_1_99' title='bbox 1387 1954 1451 2013; x_wconf 93' lang='grc' dir='ltr'><strong><em>χω-</em></strong></span> 
     </span>
     <span class='ocr_line' id='line_1_13' title="bbox 343 2030 549 2122; baseline 0 -22"><span class='ocrx_word' id='word_1_100' title='bbox 343 2033 423 2122; x_wconf 94' lang='grc' dir='ltr'><strong><em>ρίων</em></strong></span> <span class='ocrx_word' id='word_1_101' title='bbox 445 2030 549 2114; x_wconf 85' lang='grc' dir='ltr'><strong><em>ἀξίαν.</em></strong></span> 
     </span>
     <span class='ocr_line' id='line_1_14' title="bbox 395 2172 1405 2227; baseline 0.001 -13"><span class='ocrx_word' id='word_1_102' title='bbox 395 2174 591 2227; x_wconf 66' lang='lat' dir='ltr'><strong><em>[rodomum</em></strong></span> <span class='ocrx_word' id='word_1_103' title='bbox 605 2172 773 2224; x_wconf 63' lang='lat' dir='ltr'><strong>oxomum,</strong></span> <span class='ocrx_word' id='word_1_104' title='bbox 787 2175 829 2216; x_wconf 79' lang='grc' dir='ltr'><strong><em>συ</em></strong></span> <span class='ocrx_word' id='word_1_105' title='bbox 842 2175 987 2227; x_wconf 69' lang='lat' dir='ltr'><strong>woman,</strong></span> <span class='ocrx_word' id='word_1_106' title='bbox 1003 2176 1022 2216; x_wconf 75' lang='lat' dir='ltr'><strong>n</strong></span> <span class='ocrx_word' id='word_1_107' title='bbox 1037 2173 1405 2226; x_wconf 71' lang='lat' dir='ltr'><strong>oooom1o1smoms.]</strong></span> 
     </span>
     <span class='ocr_line' id='line_1_15' title="bbox 421 2254 1508 2347; baseline 0.001 -22"><span class='ocrx_word' id='word_1_108' title='bbox 421 2257 497 2326; x_wconf 86' lang='grc' dir='ltr'><strong><em>Ὅτι</em></strong></span> <span class='ocrx_word' id='word_1_109' title='bbox 521 2254 557 2325; x_wconf 72' lang='grc' dir='ltr'><strong><em>αἱ</em></strong></span> <span class='ocrx_word' id='word_1_110' title='bbox 579 2259 665 2347; x_wconf 78' lang='grc' dir='ltr'><strong><em>προς</em></strong></span> <span class='ocrx_word' id='word_1_111' title='bbox 686 2254 779 2344; x_wconf 90' lang='grc' dir='ltr'><strong><em>ὄμμα</em></strong></span> <span class='ocrx_word' id='word_1_112' title='bbox 797 2282 835 2324; x_wconf 88' lang='grc' dir='ltr'><strong><em>τε</em></strong></span> <span class='ocrx_word' id='word_1_113' title='bbox 856 2258 913 2325; x_wconf 87' lang='grc' dir='ltr'><strong><em>καί</em></strong></span> <span class='ocrx_word' id='word_1_114' title='bbox 936 2254 1140 2346; x_wconf 87' lang='grc' dir='ltr'><strong><em>ὄρθοχοίνιοι</em></strong></span> <span class='ocrx_word' id='word_1_115' title='bbox 1161 2259 1260 2327; x_wconf 85' lang='grc' dir='ltr'><strong><em>στοαὶ</em></strong></span> <span class='ocrx_word' id='word_1_116' title='bbox 1275 2257 1452 2346; x_wconf 87' lang='grc' dir='ltr'><strong><em>πόρρωθεν</em></strong></span> <span class='ocrx_word' id='word_1_117' title='bbox 1470 2263 1508 2326; x_wconf 86' lang='grc'><strong><em>13</em></strong></span> 
     </span>
     <span class='ocr_line' id='line_1_16' title="bbox 294 2356 1453 2450; baseline 0 -24"><span class='ocrx_word' id='word_1_118' title='bbox 294 2385 326 2435; x_wconf 83' lang='lat'><strong><em>15</em></strong></span> <span class='ocrx_word' id='word_1_119' title='bbox 346 2356 498 2448; x_wconf 86' lang='grc' dir='ltr'><strong><em>μείουροι</em></strong></span> <span class='ocrx_word' id='word_1_120' title='bbox 521 2357 710 2450; x_wconf 90' lang='grc' dir='ltr'><strong><em>φαίνονται,</em></strong></span> <span class='ocrx_word' id='word_1_121' title='bbox 738 2359 883 2427; x_wconf 80' lang='grc' dir='ltr'><strong><em>καὶτῶν</em></strong></span> <span class='ocrx_word' id='word_1_122' title='bbox 905 2358 1037 2449; x_wconf 81' lang='grc' dir='ltr'><strong><em>πάρχων</em></strong></span> <span class='ocrx_word' id='word_1_123' title='bbox 1060 2357 1092 2427; x_wconf 85' lang='lat' dir='ltr'><strong><em>oi</em></strong></span> <span class='ocrx_word' id='word_1_124' title='bbox 1114 2359 1312 2448; x_wconf 80' lang='grc' dir='ltr'><strong><em>τετράγωνοι</em></strong></span> <span class='ocrx_word' id='word_1_125' title='bbox 1334 2383 1453 2446; x_wconf 80' lang='grc' dir='ltr'><strong><em>στρομ-</em></strong></span> 
     </span>
     <span class='ocr_line' id='line_1_17' title="bbox 345 2456 1452 2551; baseline -0.002 -23"><span class='ocrx_word' id='word_1_126' title='bbox 345 2461 441 2547; x_wconf 78' lang='grc' dir='ltr'><strong><em>χάλοι</em></strong></span> <span class='ocrx_word' id='word_1_127' title='bbox 462 2462 520 2529; x_wconf 82' lang='grc' dir='ltr'><strong><em>καί</em></strong></span> <span class='ocrx_word' id='word_1_128' title='bbox 542 2461 814 2548; x_wconf 88' lang='grc' dir='ltr'><strong><em>προσπίπτοντες</em></strong></span> <span class='ocrx_word' id='word_1_129' title='bbox 834 2460 1014 2551; x_wconf 89' lang='grc' dir='ltr'><strong><em>πόρρωθεν</em></strong></span> <span class='ocrx_word' id='word_1_130' title='bbox 1037 2459 1207 2549; x_wconf 80' lang='grc' dir='ltr'><strong><em>ὁρώμενοι,</em></strong></span> <span class='ocrx_word' id='word_1_131' title='bbox 1230 2456 1329 2529; x_wconf 83' lang='grc' dir='ltr'><strong><em>ἀνισα</em></strong></span> <span class='ocrx_word' id='word_1_132' title='bbox 1352 2460 1452 2528; x_wconf 77' lang='grc' dir='ltr'><strong><em>δὲτὰ</em></strong></span> 
     </span>
     <span class='ocr_line' id='line_1_18' title="bbox 346 2560 1225 2654; baseline -0.002 -23"><span class='ocrx_word' id='word_1_133' title='bbox 346 2560 406 2632; x_wconf 87' lang='grc' dir='ltr'><strong><em>ίσα</em></strong></span> <span class='ocrx_word' id='word_1_134' title='bbox 428 2561 630 2654; x_wconf 83' lang='grc' dir='ltr'><strong><em>φατνώματα</em></strong></span> <span class='ocrx_word' id='word_1_135' title='bbox 651 2565 744 2652; x_wconf 85' lang='grc' dir='ltr'><strong><em>παρά</em></strong></span> <span class='ocrx_word' id='word_1_136' title='bbox 765 2565 826 2644; x_wconf 85' lang='grc' dir='ltr'><strong><em>τάς</em></strong></span> <span class='ocrx_word' id='word_1_137' title='bbox 846 2566 963 2643; x_wconf 89' lang='grc' dir='ltr'><strong><em>θέσεις</em></strong></span> <span class='ocrx_word' id='word_1_138' title='bbox 984 2563 1043 2630; x_wconf 86' lang='grc' dir='ltr'><strong><em>καί</em></strong></span> <span class='ocrx_word' id='word_1_139' title='bbox 1063 2565 1106 2630; x_wconf 86' lang='grc' dir='ltr'><strong><em>τά</em></strong></span> <span class='ocrx_word' id='word_1_140' title='bbox 1127 2563 1225 2653; x_wconf 85' lang='grc' dir='ltr'><strong><em>μήκη.</em></strong></span> 
     </span>
     <span class='ocr_line' id='line_1_19' title="bbox 422 2660 1509 2756; baseline 0.005 -23"><span class='ocrx_word' id='word_1_141' title='bbox 422 2663 498 2733; x_wconf 85' lang='grc' dir='ltr'><strong><em>Ὅτι</em></strong></span> <span class='ocrx_word' id='word_1_142' title='bbox 519 2662 722 2733; x_wconf 78' lang='grc' dir='ltr'><strong><em>ὑποτίθεται</em></strong></span> <span class='ocrx_word' id='word_1_143' title='bbox 743 2664 764 2756; x_wconf 84' lang='grc' dir='ltr'><strong><em>ἡ</em></strong></span> <span class='ocrx_word' id='word_1_144' title='bbox 787 2663 912 2756; x_wconf 79' lang='grc' dir='ltr'><strong><em>ὄπτικη</em></strong></span> <span class='ocrx_word' id='word_1_145' title='bbox 934 2667 996 2747; x_wconf 86' lang='grc' dir='ltr'><strong><em>τάς</em></strong></span> <span class='ocrx_word' id='word_1_146' title='bbox 1017 2664 1088 2733; x_wconf 86' lang='grc' dir='ltr'><strong><em>ἀπὸ</em></strong></span> <span class='ocrx_word' id='word_1_147' title='bbox 1109 2668 1168 2734; x_wconf 78' lang='grc' dir='ltr'><strong><em>τοῦ</em></strong></span> <span class='ocrx_word' id='word_1_148' title='bbox 1191 2661 1338 2751; x_wconf 89' lang='grc' dir='ltr'><strong><em>ὄμματος</em></strong></span> <span class='ocrx_word' id='word_1_149' title='bbox 1356 2660 1455 2751; x_wconf 85' lang='grc' dir='ltr'><strong><em>ὄψεις</em></strong></span> <span class='ocrx_word' id='word_1_150' title='bbox 1471 2677 1509 2738; x_wconf 88' lang='grc'><strong><em>14</em></strong></span> 
     </span>
     <span class='ocr_line' id='line_1_20' title="bbox 345 2762 1454 2858; baseline -0.003 -23"><span class='ocrx_word' id='word_1_151' title='bbox 345 2764 423 2835; x_wconf 80' lang='grc' dir='ltr'><strong><em>κατ’</em></strong></span> <span class='ocrx_word' id='word_1_152' title='bbox 444 2765 581 2848; x_wconf 79' lang='grc' dir='ltr'><strong><em>εὐθείας</em></strong></span> <span class='ocrx_word' id='word_1_153' title='bbox 602 2769 753 2857; x_wconf 79' lang='grc' dir='ltr'><strong><em>γραμμὰς</em></strong></span> <span class='ocrx_word' id='word_1_154' title='bbox 774 2767 952 2858; x_wconf 82' lang='grc' dir='ltr'><strong><em>φέρεσθαι,</em></strong></span> <span class='ocrx_word' id='word_1_155' title='bbox 975 2767 1034 2834; x_wconf 82' lang='grc' dir='ltr'><strong><em>καὶ</em></strong></span> <span class='ocrx_word' id='word_1_156' title='bbox 1055 2772 1115 2834; x_wconf 83' lang='grc' dir='ltr'><strong><em>τοῦ</em></strong></span> <span class='ocrx_word' id='word_1_157' title='bbox 1129 2762 1276 2852; x_wconf 90' lang='grc' dir='ltr'><strong><em>ὄμματος</em></strong></span> <span class='ocrx_word' id='word_1_158' title='bbox 1290 2787 1454 2857; x_wconf 89' lang='grc' dir='ltr'><strong><em>συμπερι-</em></strong></span> 
     </span>
    </p>
   </div>
   <div class='ocr_carea' id='block_1_3' title="bbox 291 2865 1455 3062">
    <p class='ocr_par' dir='ltr' id='par_1_3' title="bbox 291 2865 1455 3062">
     <span class='ocr_line' id='line_1_21' title="bbox 291 2865 1455 2961; baseline -0.005 -22"><span class='ocrx_word' id='word_1_159' title='bbox 291 2889 325 2939; x_wconf 83' lang='lat'><strong><em>20</em></strong></span> <span class='ocrx_word' id='word_1_160' title='bbox 346 2867 529 2960; x_wconf 78' lang='grc' dir='ltr'><strong><em>φερομένου</em></strong></span> <span class='ocrx_word' id='word_1_161' title='bbox 561 2869 876 2961; x_wconf 72' lang='grc' dir='ltr'><strong><em>συμπεριφέρεσθαι</em></strong></span> <span class='ocrx_word' id='word_1_162' title='bbox 905 2869 964 2936; x_wconf 85' lang='grc' dir='ltr'><strong><em>καὶ</em></strong></span> <span class='ocrx_word' id='word_1_163' title='bbox 992 2870 1053 2949; x_wconf 88' lang='grc' dir='ltr'><strong><em>τάς</em></strong></span> <span class='ocrx_word' id='word_1_164' title='bbox 1079 2865 1192 2957; x_wconf 82' lang='grc' dir='ltr'><strong><em>ὄψεις,</em></strong></span> <span class='ocrx_word' id='word_1_165' title='bbox 1226 2867 1284 2935; x_wconf 82' lang='grc' dir='ltr'><strong><em>καί</em></strong></span> <span class='ocrx_word' id='word_1_166' title='bbox 1311 2865 1381 2953; x_wconf 87' lang='grc' dir='ltr'><strong><em>άμα</em></strong></span> <span class='ocrx_word' id='word_1_167' title='bbox 1406 2869 1455 2956; x_wconf 81' lang='grc' dir='ltr'><strong><em>τῶ</em></strong></span> 
     </span>
     <span class='ocr_line' id='line_1_22' title="bbox 347 2967 1455 3062; baseline -0.005 -22"><span class='ocrx_word' id='word_1_168' title='bbox 347 2969 474 3058; x_wconf 88' lang='grc' dir='ltr'><strong><em>ὄμματι</em></strong></span> <span class='ocrx_word' id='word_1_169' title='bbox 496 2971 733 3062; x_wconf 82' lang='grc' dir='ltr'><strong><em>ὄιανοιχομένιμ</em></strong></span> <span class='ocrx_word' id='word_1_170' title='bbox 756 2973 843 3061; x_wconf 84' lang='grc' dir='ltr'><strong><em>πρός</em></strong></span> <span class='ocrx_word' id='word_1_171' title='bbox 862 2972 902 3039; x_wconf 87' lang='grc' dir='ltr'><strong><em>τὸ</em></strong></span> <span class='ocrx_word' id='word_1_172' title='bbox 922 2968 1087 3058; x_wconf 77' lang='grc' dir='ltr'><strong><em>ὁρώμενον</em></strong></span> <span class='ocrx_word' id='word_1_173' title='bbox 1099 2971 1159 3050; x_wconf 84' lang='grc' dir='ltr'><strong><em>τάς</em></strong></span> <span class='ocrx_word' id='word_1_174' title='bbox 1174 2967 1275 3057; x_wconf 81' lang='grc' dir='ltr'><strong><em>ὄψεις</em></strong></span> <span class='ocrx_word' id='word_1_175' title='bbox 1289 2967 1455 3057; x_wconf 73' lang='grc' dir='ltr'><strong><em>γίνεσθαι.</em></strong></span> 
     </span>
    </p>
   </div>
   <div class='ocr_carea' id='block_1_4' title="bbox 347 3195 1466 4648">
    <p class='ocr_par' dir='ltr' id='par_1_4' title="bbox 347 3195 1466 4648">
     <span class='ocr_line' id='line_1_23' title="bbox 418 3195 1456 3270; baseline -0.008 -16"><span class='ocrx_word' id='word_1_176' title='bbox 418 3205 441 3255; x_wconf 93' lang='grc'><strong><em>1.</em></strong></span> <span class='ocrx_word' id='word_1_177' title='bbox 459 3197 641 3259; x_wconf 84' lang='grc' dir='ltr'><strong><em>ἀνακλάσεως</em></strong></span> <span class='ocrx_word' id='word_1_178' title='bbox 652 3202 671 3252; x_wconf 94' lang='grc' dir='ltr'><strong>Β</strong></span> <span class='ocrx_word' id='word_1_179' title='bbox 758 3200 784 3252; x_wconf 85' lang='grc'><strong><em>2.</em></strong></span> <span class='ocrx_word' id='word_1_180' title='bbox 801 3199 1021 3270; x_wconf 83' lang='grc' dir='ltr'><strong><em>μεταχειρίζεται</em></strong></span> <span class='ocrx_word' id='word_1_181' title='bbox 1032 3198 1060 3263; x_wconf 98' lang='grc' dir='ltr'><strong><em>Β,</em></strong></span> <span class='ocrx_word' id='word_1_182' title='bbox 1072 3195 1269 3267; x_wconf 78' lang='grc' dir='ltr'><strong><em>ὄιαχειρίζεται</em></strong></span> <span class='ocrx_word' id='word_1_183' title='bbox 1280 3196 1327 3248; x_wconf 83' lang='lat' dir='ltr'><strong><em>Ma</em></strong></span> <span class='ocrx_word' id='word_1_184' title='bbox 1337 3196 1399 3246; x_wconf 81' lang='lat' dir='ltr'><strong>nihil</strong></span> <span class='ocrx_word' id='word_1_185' title='bbox 1411 3197 1456 3247; x_wconf 83' lang='lat' dir='ltr'><strong><em>ad-</em></strong></span> 
     </span>
     <span class='ocr_line' id='line_1_24' title="bbox 347 3273 1459 3352; baseline -0.006 -17"><span class='ocrx_word' id='word_1_186' title='bbox 347 3293 440 3337; x_wconf 76' lang='lat' dir='ltr'><strong>notans</strong></span> <span class='ocrx_word' id='word_1_187' title='bbox 507 3284 532 3335; x_wconf 83' lang='grc'><strong><em>3.</em></strong></span> <span class='ocrx_word' id='word_1_188' title='bbox 551 3278 1009 3352; x_wconf 64' lang='grc' dir='ltr'><strong><em>χεωάέτηςίἰδτί,γεωόαίστηςΜα</em></strong></span> <span class='ocrx_word' id='word_1_189' title='bbox 1076 3276 1279 3348; x_wconf 84' lang='grc' dir='ltr'><strong><em>προσχρῶται1</em></strong></span> <span class='ocrx_word' id='word_1_190' title='bbox 1345 3273 1459 3329; x_wconf 62' lang='lat' dir='ltr'><strong>diodor</strong></span> 
     </span>
     <span class='ocr_line' id='line_1_25' title="bbox 416 3353 1466 3433; baseline -0.006 -18"><span class='ocrx_word' id='word_1_191' title='bbox 416 3366 442 3416; x_wconf 83' lang='grc'><strong><em>4.</em></strong></span> <span class='ocrx_word' id='word_1_192' title='bbox 460 3360 638 3433; x_wconf 85' lang='grc' dir='ltr'><strong><em>λαμβάνοντα</em></strong></span> <span class='ocrx_word' id='word_1_193' title='bbox 650 3364 669 3414; x_wconf 93' lang='grc' dir='ltr'><strong>Β</strong></span> <span class='ocrx_word' id='word_1_194' title='bbox 746 3363 771 3413; x_wconf 83' lang='grc'><strong><em>5.</em></strong></span> <span class='ocrx_word' id='word_1_195' title='bbox 790 3361 945 3430; x_wconf 78' lang='grc' dir='ltr'><strong><em>διοπτρῶν]</em></strong></span> <span class='ocrx_word' id='word_1_196' title='bbox 959 3357 1000 3412; x_wconf 77' lang='grc' dir='ltr'><strong><em>δι’</em></strong></span> <span class='ocrx_word' id='word_1_197' title='bbox 1015 3354 1147 3428; x_wconf 87' lang='grc' dir='ltr'><strong><em>ὄπτηρῶν</em></strong></span> <span class='ocrx_word' id='word_1_198' title='bbox 1158 3360 1186 3425; x_wconf 88' lang='grc' dir='ltr'><strong><em>Β,</em></strong></span> <span class='ocrx_word' id='word_1_199' title='bbox 1199 3354 1238 3411; x_wconf 80' lang='grc' dir='ltr'><strong><em>δι’</em></strong></span> <span class='ocrx_word' id='word_1_200' title='bbox 1253 3353 1385 3429; x_wconf 81' lang='grc' dir='ltr'><strong><em>ὄπτήρων</em></strong></span> <span class='ocrx_word' id='word_1_201' title='bbox 1396 3356 1466 3409; x_wconf 80' lang='lat' dir='ltr'><strong>libri</strong></span> 
     </span>
     <span class='ocr_line' id='line_1_26' title="bbox 347 3433 1457 3511; baseline -0.006 -12"><span class='ocrx_word' id='word_1_202' title='bbox 347 3455 416 3499; x_wconf 78' lang='lat' dir='ltr'><strong>tosto</strong></span> <span class='ocrx_word' id='word_1_203' title='bbox 427 3446 474 3497; x_wconf 82' lang='lat' dir='ltr'><strong><em>Ma</em></strong></span> <span class='ocrx_word' id='word_1_204' title='bbox 560 3439 829 3511; x_wconf 76' lang='grc' dir='ltr'><strong><em>ἒπιπροσθετήσεων</em></strong></span> <span class='ocrx_word' id='word_1_205' title='bbox 841 3441 874 3507; x_wconf 80' lang='lat' dir='ltr'><strong><em>of,</em></strong></span> <span class='ocrx_word' id='word_1_206' title='bbox 887 3441 936 3495; x_wconf 73' lang='grc' dir='ltr'><strong><em>ἐπὶ</em></strong></span> <span class='ocrx_word' id='word_1_207' title='bbox 947 3435 1167 3511; x_wconf 81' lang='grc' dir='ltr'><strong><em>προσθετήσεων</em></strong></span> <span class='ocrx_word' id='word_1_208' title='bbox 1178 3440 1206 3506; x_wconf 93' lang='grc' dir='ltr'><strong><em>Β,</em></strong></span> <span class='ocrx_word' id='word_1_209' title='bbox 1218 3433 1457 3508; x_wconf 76' lang='grc' dir='ltr'><strong><em>ἔπιπροσθήσεων</em></strong></span> 
     </span>
     <span class='ocr_line' id='line_1_27' title="bbox 347 3516 1455 3596; baseline -0.006 -16"><span class='ocrx_word' id='word_1_210' title='bbox 347 3529 395 3580; x_wconf 77' lang='lat' dir='ltr'><strong><em>Ma</em></strong></span> <span class='ocrx_word' id='word_1_211' title='bbox 462 3527 487 3578; x_wconf 82' lang='grc'><strong><em>6.</em></strong></span> <span class='ocrx_word' id='word_1_212' title='bbox 506 3520 752 3596; x_wconf 84' lang='grc' dir='ltr'><strong><em>σωματικότεραι1</em></strong></span> <span class='ocrx_word' id='word_1_213' title='bbox 817 3517 996 3575; x_wconf 80' lang='grc' dir='ltr'><strong><em>διαστάσεωσ</em></strong></span> <span class='ocrx_word' id='word_1_214' title='bbox 1006 3521 1034 3585; x_wconf 91' lang='grc' dir='ltr'><strong><em>Β,</em></strong></span> <span class='ocrx_word' id='word_1_215' title='bbox 1047 3517 1096 3572; x_wconf 75' lang='grc' dir='ltr'><strong><em>διὰ</em></strong></span> <span class='ocrx_word' id='word_1_216' title='bbox 1109 3516 1214 3578; x_wconf 83' lang='grc' dir='ltr'><strong><em>τάσεως</em></strong></span> <span class='ocrx_word' id='word_1_217' title='bbox 1225 3519 1252 3571; x_wconf 82' lang='lat' dir='ltr'><strong><em>of</em></strong></span> <span class='ocrx_word' id='word_1_218' title='bbox 1261 3521 1306 3573; x_wconf 85' lang='lat' dir='ltr'><strong><em>Ma</em></strong></span> <span class='ocrx_word' id='word_1_219' title='bbox 1356 3523 1455 3589; x_wconf 87' lang='grc' dir='ltr'><strong><em>μηρίν-</em></strong></span> 
     </span>
     <span class='ocr_line' id='line_1_28' title="bbox 347 3601 1457 3677; baseline -0.009 -15"><span class='ocrx_word' id='word_1_220' title='bbox 347 3615 411 3662; x_wconf 83' lang='grc' dir='ltr'><strong><em>θων</em></strong></span> <span class='ocrx_word' id='word_1_221' title='bbox 422 3609 450 3674; x_wconf 90' lang='grc' dir='ltr'><strong><em>Β,</em></strong></span> <span class='ocrx_word' id='word_1_222' title='bbox 461 3610 606 3677; x_wconf 78' lang='grc' dir='ltr'><strong><em>μηρίνθου</em></strong></span> <span class='ocrx_word' id='word_1_223' title='bbox 618 3604 698 3656; x_wconf 83' lang='grc' dir='ltr'><strong><em>ο1Μσ</em></strong></span> <span class='ocrx_word' id='word_1_224' title='bbox 767 3601 908 3673; x_wconf 79' lang='grc' dir='ltr'><strong><em>στάθμαις</em></strong></span> <span class='ocrx_word' id='word_1_225' title='bbox 918 3604 987 3668; x_wconf 79' lang='lat' dir='ltr'><strong>libri,</strong></span> <span class='ocrx_word' id='word_1_226' title='bbox 1000 3603 1045 3652; x_wconf 83' lang='lat' dir='ltr'><strong><em>sed</em></strong></span> <span class='ocrx_word' id='word_1_227' title='bbox 1057 3602 1082 3652; x_wconf 82' lang='lat' dir='ltr'><strong><em>in</em></strong></span> <span class='ocrx_word' id='word_1_228' title='bbox 1093 3601 1106 3653; x_wconf 83' lang='lat' dir='ltr'><strong>f</strong></span> <span class='ocrx_word' id='word_1_229' title='bbox 1115 3617 1244 3669; x_wconf 73' lang='lat' dir='ltr'><strong>suprascr.</strong></span> <span class='ocrx_word' id='word_1_230' title='bbox 1256 3618 1289 3668; x_wconf 86' lang='grc' dir='ltr'><strong><em>ης</em></strong></span> <span class='ocrx_word' id='word_1_231' title='bbox 1352 3603 1377 3653; x_wconf 79' lang='lat'><strong><em>7.</em></strong></span> <span class='ocrx_word' id='word_1_232' title='bbox 1389 3616 1457 3670; x_wconf 81' lang='grc' dir='ltr'><strong><em>μεω-</em></strong></span> 
     </span>
     <span class='ocr_line' id='line_1_29' title="bbox 349 3679 1457 3756; baseline -0.005 -16"><span class='ocrx_word' id='word_1_233' title='bbox 349 3687 430 3753; x_wconf 81' lang='grc' dir='ltr'><strong><em>δίτης</em></strong></span> <span class='ocrx_word' id='word_1_234' title='bbox 444 3689 512 3753; x_wconf 83' lang='lat' dir='ltr'>libri,</span> <span class='ocrx_word' id='word_1_235' title='bbox 523 3686 695 3756; x_wconf 79' lang='grc' dir='ltr'><strong><em>χεωόαίστης</em></strong></span> <span class='ocrx_word' id='word_1_236' title='bbox 706 3685 752 3738; x_wconf 82' lang='lat' dir='ltr'><strong><em>Ma</em></strong></span> <span class='ocrx_word' id='word_1_237' title='bbox 819 3687 843 3737; x_wconf 89' lang='lat'><strong><em>8.</em></strong></span> <span class='ocrx_word' id='word_1_238' title='bbox 861 3682 1010 3755; x_wconf 86' lang='grc' dir='ltr'><strong><em>ἀφεστῶτα</em></strong></span> <span class='ocrx_word' id='word_1_239' title='bbox 1022 3685 1125 3736; x_wconf 78' lang='lat' dir='ltr'><strong>correxi</strong></span> <span class='ocrx_word' id='word_1_240' title='bbox 1137 3699 1171 3734; x_wconf 78' lang='lat' dir='ltr'><strong><em>ex</em></strong></span> <span class='ocrx_word' id='word_1_241' title='bbox 1182 3681 1301 3753; x_wconf 71' lang='grc' dir='ltr'><strong><em>ἐφιστὰς</em></strong></span> <span class='ocrx_word' id='word_1_242' title='bbox 1314 3684 1359 3736; x_wconf 86' lang='lat' dir='ltr'><strong><em>Ma</em></strong></span> <span class='ocrx_word' id='word_1_243' title='bbox 1371 3679 1457 3752; x_wconf 78' lang='grc' dir='ltr'><strong><em>ἀνέφ-</em></strong></span> 
     </span>
     <span class='ocr_line' id='line_1_30' title="bbox 348 3763 1456 3840; baseline -0.005 -20"><span class='ocrx_word' id='word_1_244' title='bbox 348 3787 411 3821; x_wconf 81' lang='grc' dir='ltr'><strong><em>ικτα</em></strong></span> <span class='ocrx_word' id='word_1_245' title='bbox 491 3767 565 3840; x_wconf 85' lang='grc' dir='ltr'><strong><em>ὁρῶν</em></strong></span> <span class='ocrx_word' id='word_1_246' title='bbox 576 3769 596 3819; x_wconf 87' lang='grc' dir='ltr'><strong><em>Β</em></strong></span> <span class='ocrx_word' id='word_1_247' title='bbox 609 3768 667 3832; x_wconf 88' lang='lat' dir='ltr'><strong>(non</strong></span> <span class='ocrx_word' id='word_1_248' title='bbox 679 3763 759 3836; x_wconf 87' lang='grc' dir='ltr'><strong><em>ῶρῶν</em></strong></span> <span class='ocrx_word' id='word_1_249' title='bbox 770 3768 837 3834; x_wconf 81' lang='lat' dir='ltr'><strong>quod</strong></span> <span class='ocrx_word' id='word_1_250' title='bbox 849 3767 954 3818; x_wconf 78' lang='lat' dir='ltr'><strong>adnotat</strong></span> <span class='ocrx_word' id='word_1_251' title='bbox 965 3765 1020 3830; x_wconf 74' lang='lat' dir='ltr'><strong><em>dia)</em></strong></span> <span class='ocrx_word' id='word_1_252' title='bbox 1100 3769 1203 3834; x_wconf 91' lang='grc' dir='ltr'><strong><em>τοίχων</em></strong></span> <span class='ocrx_word' id='word_1_253' title='bbox 1215 3763 1242 3816; x_wconf 81' lang='lat' dir='ltr'><strong><em>oi</em></strong></span> <span class='ocrx_word' id='word_1_254' title='bbox 1251 3764 1301 3827; x_wconf 82' lang='grc' dir='ltr'><strong><em>ΜοΙ</em></strong></span> <span class='ocrx_word' id='word_1_255' title='bbox 1309 3765 1414 3829; x_wconf 78' lang='lat' dir='ltr'><strong>(rectius</strong></span> <span class='ocrx_word' id='word_1_256' title='bbox 1427 3764 1456 3828; x_wconf 87' lang='lat' dir='ltr'><strong><em>B,</em></strong></span> 
     </span>
     <span class='ocr_line' id='line_1_31' title="bbox 348 3841 1457 3918; baseline -0.006 -16"><span class='ocrx_word' id='word_1_257' title='bbox 348 3851 466 3918; x_wconf 77' lang='lat' dir='ltr'><strong>quoniam</strong></span> <span class='ocrx_word' id='word_1_258' title='bbox 478 3851 562 3915; x_wconf 68' lang='lat' dir='ltr'><strong>agitur</strong></span> <span class='ocrx_word' id='word_1_259' title='bbox 573 3851 604 3900; x_wconf 83' lang='lat' dir='ltr'><strong><em>do</em></strong></span> <span class='ocrx_word' id='word_1_260' title='bbox 616 3849 694 3899; x_wconf 85' lang='lat' dir='ltr'><strong>muris</strong></span> <span class='ocrx_word' id='word_1_261' title='bbox 708 3849 791 3915; x_wconf 82' lang='lat' dir='ltr'>oppidi</span> <span class='ocrx_word' id='word_1_262' title='bbox 803 3848 942 3913; x_wconf 82' lang='lat' dir='ltr'><strong>obsidendi)</strong></span> <span class='ocrx_word' id='word_1_263' title='bbox 1023 3847 1046 3898; x_wconf 82' lang='lat'><strong><em>9.</em></strong></span> <span class='ocrx_word' id='word_1_264' title='bbox 1063 3841 1147 3912; x_wconf 77' lang='grc' dir='ltr'><strong><em>βάθει</em></strong></span> <span class='ocrx_word' id='word_1_265' title='bbox 1159 3846 1178 3896; x_wconf 97' lang='grc' dir='ltr'><strong>Β</strong></span> <span class='ocrx_word' id='word_1_266' title='bbox 1246 3844 1384 3914; x_wconf 78' lang='grc' dir='ltr'><strong><em>μεωδεσία</em></strong></span> <span class='ocrx_word' id='word_1_267' title='bbox 1397 3844 1457 3896; x_wconf 84' lang='lat' dir='ltr'>libri</span> 
     </span>
     <span class='ocr_line' id='line_1_32' title="bbox 381 3925 1454 4000; baseline -0.007 -17"><span class='ocrx_word' id='word_1_268' title='bbox 381 3926 384 3931; x_wconf 73' lang='grc'>’</span> <span class='ocrx_word' id='word_1_269' title='bbox 419 3933 459 3983; x_wconf 91' lang='grc'><strong><em>11.</em></strong></span> <span class='ocrx_word' id='word_1_270' title='bbox 473 3934 589 4000; x_wconf 90' lang='grc' dir='ltr'><strong><em>χωρίων</em></strong></span> <span class='ocrx_word' id='word_1_271' title='bbox 604 3930 636 3995; x_wconf 88' lang='grc' dir='ltr'><strong><em>Β,</em></strong></span> <span class='ocrx_word' id='word_1_272' title='bbox 649 3930 751 4000; x_wconf 88' lang='grc' dir='ltr'><strong><em>χωρῶν</em></strong></span> <span class='ocrx_word' id='word_1_273' title='bbox 766 3929 812 3981; x_wconf 84' lang='lat' dir='ltr'><strong><em>Ma</em></strong></span> <span class='ocrx_word' id='word_1_274' title='bbox 823 3929 884 3979; x_wconf 86' lang='lat' dir='ltr'>nihil</span> <span class='ocrx_word' id='word_1_275' title='bbox 896 3929 1019 3980; x_wconf 73' lang='lat' dir='ltr'><strong>adnotans</strong></span> <span class='ocrx_word' id='word_1_276' title='bbox 1090 3930 1129 3979; x_wconf 91' lang='grc'><strong><em>14.</em></strong></span> <span class='ocrx_word' id='word_1_277' title='bbox 1149 3925 1214 3979; x_wconf 80' lang='lat' dir='ltr'><strong>conf.</strong></span> <span class='ocrx_word' id='word_1_278' title='bbox 1228 3925 1273 3977; x_wconf 86' lang='grc' dir='ltr'><strong><em>Μσ</em></strong></span> <span class='ocrx_word' id='word_1_279' title='bbox 1284 3942 1308 3992; x_wconf 90' lang='lat' dir='ltr'><strong><em>p.</em></strong></span> <span class='ocrx_word' id='word_1_280' title='bbox 1323 3927 1381 3977; x_wconf 83' lang='lat' dir='ltr'><strong>55s.</strong></span> <span class='ocrx_word' id='word_1_281' title='bbox 1397 3926 1454 3976; x_wconf 89' lang='grc'><strong>114.</strong></span> 
     </span>
     <span class='ocr_line' id='line_1_33' title="bbox 348 4003 1456 4081; baseline -0.008 -16"><span class='ocrx_word' id='word_1_282' title='bbox 348 4014 400 4065; x_wconf 90' lang='grc'><strong><em>414</em></strong></span> <span class='ocrx_word' id='word_1_283' title='bbox 469 4008 617 4080; x_wconf 78' lang='grc' dir='ltr'><strong><em>προσμάτὲ</em></strong></span> <span class='ocrx_word' id='word_1_284' title='bbox 629 4011 656 4076; x_wconf 89' lang='grc' dir='ltr'><strong><em>Β,</em></strong></span> <span class='ocrx_word' id='word_1_285' title='bbox 671 4022 839 4081; x_wconf 83' lang='grc' dir='ltr'><strong><em>προσμματι</em></strong></span> <span class='ocrx_word' id='word_1_286' title='bbox 850 4009 868 4074; x_wconf 84' lang='grc'><strong><em>1,</em></strong></span> <span class='ocrx_word' id='word_1_287' title='bbox 882 4006 938 4078; x_wconf 90' lang='grc' dir='ltr'><strong><em>πρὸ</em></strong></span> <span class='ocrx_word' id='word_1_288' title='bbox 951 4005 1079 4078; x_wconf 84' lang='grc' dir='ltr'><strong><em>ὄμματος</em></strong></span> <span class='ocrx_word' id='word_1_289' title='bbox 1091 4008 1136 4059; x_wconf 79' lang='lat' dir='ltr'><strong><em>Ma</em></strong></span> <span class='ocrx_word' id='word_1_290' title='bbox 1200 4003 1314 4075; x_wconf 81' lang='grc' dir='ltr'><strong><em>ὀρθοχω</em></strong></span> <span class='ocrx_word' id='word_1_291' title='bbox 1327 4022 1384 4057; x_wconf 84' lang='lat' dir='ltr'><strong><em>oum</em></strong></span> <span class='ocrx_word' id='word_1_292' title='bbox 1396 4013 1456 4057; x_wconf 69' lang='lat' dir='ltr'><strong>noto</strong></span> 
     </span>
     <span class='ocr_line' id='line_1_34' title="bbox 349 4084 1405 4163; baseline -0.008 -19"><span class='ocrx_word' id='word_1_293' title='bbox 349 4094 489 4161; x_wconf 75' lang='lat' dir='ltr'><strong>compendii</strong></span> <span class='ocrx_word' id='word_1_294' title='bbox 501 4094 528 4158; x_wconf 95' lang='grc' dir='ltr'><strong><em>Β,</em></strong></span> <span class='ocrx_word' id='word_1_295' title='bbox 541 4090 715 4163; x_wconf 81' lang='grc' dir='ltr'><strong><em>ὀρθογωνίαι</em></strong></span> <span class='ocrx_word' id='word_1_296' title='bbox 727 4092 787 4142; x_wconf 84' lang='lat' dir='ltr'><strong>libri</strong></span> <span class='ocrx_word' id='word_1_297' title='bbox 796 4100 863 4143; x_wconf 78' lang='lat' dir='ltr'><strong>toste</strong></span> <span class='ocrx_word' id='word_1_298' title='bbox 872 4090 917 4142; x_wconf 86' lang='grc' dir='ltr'><strong><em>Μσ</em></strong></span> <span class='ocrx_word' id='word_1_299' title='bbox 970 4090 1010 4141; x_wconf 84' lang='grc'><strong><em>15.</em></strong></span> <span class='ocrx_word' id='word_1_300' title='bbox 1022 4085 1174 4159; x_wconf 84' lang='grc' dir='ltr'><strong><em>μύουροιΒ</em></strong></span> <span class='ocrx_word' id='word_1_301' title='bbox 1221 4084 1405 4155; x_wconf 76' lang='grc' dir='ltr'><strong><em>στραγγάληΒ</em></strong></span> 
     </span>
     <span class='ocr_line' id='line_1_35' title="bbox 351 4166 1456 4241; baseline -0.006 -17"><span class='ocrx_word' id='word_1_302' title='bbox 351 4175 392 4226; x_wconf 88' lang='grc'><strong><em>18.</em></strong></span> <span class='ocrx_word' id='word_1_303' title='bbox 411 4177 458 4225; x_wconf 85' lang='grc' dir='ltr'><strong><em>Ιιοο</em></strong></span> <span class='ocrx_word' id='word_1_304' title='bbox 476 4181 551 4241; x_wconf 72' lang='lat' dir='ltr'><strong>caput</strong></span> <span class='ocrx_word' id='word_1_305' title='bbox 567 4175 645 4225; x_wconf 80' lang='lat' dir='ltr'><strong>edidit</strong></span> <span class='ocrx_word' id='word_1_306' title='bbox 661 4173 834 4223; x_wconf 73' lang='lat' dir='ltr'><strong>Bartholinus:</strong></span> <span class='ocrx_word' id='word_1_307' title='bbox 853 4170 966 4222; x_wconf 70' lang='lat' dir='ltr'><strong>nomini</strong></span> <span class='ocrx_word' id='word_1_308' title='bbox 981 4170 1123 4236; x_wconf 76' lang='lat' dir='ltr'><strong>philosophi</strong></span> <span class='ocrx_word' id='word_1_309' title='bbox 1139 4168 1271 4220; x_wconf 78' lang='lat' dir='ltr'><strong>Heliodori</strong></span> <span class='ocrx_word' id='word_1_310' title='bbox 1282 4166 1413 4219; x_wconf 74' lang='lat' dir='ltr'><strong>Larissaoi</strong></span> <span class='ocrx_word' id='word_1_311' title='bbox 1425 4167 1456 4218; x_wconf 84' lang='lat' dir='ltr'><strong><em>do</em></strong></span> 
     </span>
     <span class='ocr_line' id='line_1_36' title="bbox 350 4245 1457 4322; baseline -0.005 -16"><span class='ocrx_word' id='word_1_312' title='bbox 350 4255 441 4322; x_wconf 82' lang='lat' dir='ltr'><strong>optiois</strong></span> <span class='ocrx_word' id='word_1_313' title='bbox 453 4255 513 4305; x_wconf 85' lang='lat' dir='ltr'><strong>libri</strong></span> <span class='ocrx_word' id='word_1_314' title='bbox 524 4253 545 4304; x_wconf 87' lang='grc' dir='ltr'>Π</span> <span class='ocrx_word' id='word_1_315' title='bbox 558 4254 648 4318; x_wconf 68' lang='lat' dir='ltr'><strong>(Paris.</strong></span> <span class='ocrx_word' id='word_1_316' title='bbox 663 4254 736 4319; x_wconf 78' lang='lat'><strong>1657)</strong></span> <span class='ocrx_word' id='word_1_317' title='bbox 749 4269 774 4319; x_wconf 90' lang='lat' dir='ltr'><strong><em>p.</em></strong></span> <span class='ocrx_word' id='word_1_318' title='bbox 784 4252 894 4316; x_wconf 72' lang='lat'><strong>27-35,</strong></span> <span class='ocrx_word' id='word_1_319' title='bbox 906 4251 950 4302; x_wconf 80' lang='lat' dir='ltr'><strong><em>ubi</em></strong></span> <span class='ocrx_word' id='word_1_320' title='bbox 961 4259 1002 4303; x_wconf 83' lang='lat' dir='ltr'><strong><em>ost</em></strong></span> <span class='ocrx_word' id='word_1_321' title='bbox 1014 4248 1169 4320; x_wconf 84' lang='grc' dir='ltr'><strong><em>κεφάλαιον</em></strong></span> <span class='ocrx_word' id='word_1_322' title='bbox 1181 4245 1232 4313; x_wconf 81' lang='grc' dir='ltr'><strong><em>ιά’;</em></strong></span> <span class='ocrx_word' id='word_1_323' title='bbox 1245 4264 1325 4315; x_wconf 78' lang='lat' dir='ltr'><strong>nuper</strong></span> <span class='ocrx_word' id='word_1_324' title='bbox 1336 4248 1457 4315; x_wconf 76' lang='lat' dir='ltr'><strong>repetivit</strong></span> 
     </span>
     <span class='ocr_line' id='line_1_37' title="bbox 350 4326 1455 4402; baseline -0.005 -15"><span class='ocrx_word' id='word_1_325' title='bbox 350 4332 476 4387; x_wconf 71' lang='lat' dir='ltr'><strong>Mortious</strong></span> <span class='ocrx_word' id='word_1_326' title='bbox 488 4351 512 4402; x_wconf 92' lang='lat' dir='ltr'><strong><em>p.</em></strong></span> <span class='ocrx_word' id='word_1_327' title='bbox 525 4337 661 4388; x_wconf 84' lang='grc'><strong>414-420</strong></span> <span class='ocrx_word' id='word_1_328' title='bbox 673 4351 687 4385; x_wconf 85' lang='grc' dir='ltr'><strong><em>ε</em></strong></span> <span class='ocrx_word' id='word_1_329' title='bbox 699 4335 772 4386; x_wconf 79' lang='lat' dir='ltr'><strong>libris</strong></span> <span class='ocrx_word' id='word_1_330' title='bbox 785 4332 906 4384; x_wconf 80' lang='lat' dir='ltr'><strong>Parisinis</strong></span> <span class='ocrx_word' id='word_1_331' title='bbox 918 4331 975 4397; x_wconf 63' lang='grc' dir='ltr'><strong><em>Βοὴ</em></strong></span> <span class='ocrx_word' id='word_1_332' title='bbox 989 4348 1035 4397; x_wconf 78' lang='lat' dir='ltr'><strong><em>ogo</em></strong></span> <span class='ocrx_word' id='word_1_333' title='bbox 1048 4333 1144 4384; x_wconf 78' lang='lat' dir='ltr'><strong>contuli</strong></span> <span class='ocrx_word' id='word_1_334' title='bbox 1155 4333 1175 4383; x_wconf 87' lang='lat' dir='ltr'>B</span> <span class='ocrx_word' id='word_1_335' title='bbox 1243 4326 1301 4382; x_wconf 80' lang='grc' dir='ltr'><strong><em>ἀπὸ</em></strong></span> <span class='ocrx_word' id='word_1_336' title='bbox 1315 4329 1365 4382; x_wconf 80' lang='grc' dir='ltr'><strong><em>τοῦ</em></strong></span> <span class='ocrx_word' id='word_1_337' title='bbox 1376 4345 1455 4397; x_wconf 75' lang='lat' dir='ltr'><strong>usquo</strong></span> 
     </span>
     <span class='ocr_line' id='line_1_38' title="bbox 349 4401 1458 4487; baseline -0.006 -19"><span class='ocrx_word' id='word_1_338' title='bbox 349 4418 382 4468; x_wconf 79' lang='lat' dir='ltr'><strong><em>ad</em></strong></span> <span class='ocrx_word' id='word_1_339' title='bbox 395 4416 502 4468; x_wconf 80' lang='grc' dir='ltr'><strong><em>καὶτοῦ</em></strong></span> <span class='ocrx_word' id='word_1_340' title='bbox 515 4413 644 4487; x_wconf 84' lang='grc' dir='ltr'><strong><em>ὄμματος</em></strong></span> <span class='ocrx_word' id='word_1_341' title='bbox 655 4432 703 4467; x_wconf 87' lang='lat' dir='ltr'><strong><em>om.</em></strong></span> <span class='ocrx_word' id='word_1_342' title='bbox 717 4416 748 4480; x_wconf 90' lang='grc' dir='ltr'><strong><em>Β,</em></strong></span> <span class='ocrx_word' id='word_1_343' title='bbox 763 4409 890 4482; x_wconf 83' lang='grc' dir='ltr'><strong><em>ὄμματος</em></strong></span> <span class='ocrx_word' id='word_1_344' title='bbox 901 4429 980 4482; x_wconf 81' lang='lat' dir='ltr'>usque</span> <span class='ocrx_word' id='word_1_345' title='bbox 993 4415 1025 4464; x_wconf 81' lang='lat' dir='ltr'><strong><em>dd</em></strong></span> <span class='ocrx_word' id='word_1_346' title='bbox 1036 4414 1083 4464; x_wconf 82' lang='grc' dir='ltr'><strong><em>καὶ</em></strong></span> <span class='ocrx_word' id='word_1_347' title='bbox 1094 4413 1143 4463; x_wconf 85' lang='grc' dir='ltr'><strong><em>τοῦ</em></strong></span> <span class='ocrx_word' id='word_1_348' title='bbox 1156 4429 1204 4464; x_wconf 86' lang='lat' dir='ltr'><strong><em>om.</em></strong></span> <span class='ocrx_word' id='word_1_349' title='bbox 1218 4409 1245 4462; x_wconf 83' lang='lat' dir='ltr'><strong><em>of</em></strong></span> <span class='ocrx_word' id='word_1_350' title='bbox 1329 4401 1370 4462; x_wconf 65' lang='lat' dir='ltr'><strong><em>19ss</em></strong></span> <span class='ocrx_word' id='word_1_351' title='bbox 1389 4423 1458 4480; x_wconf 89' lang='grc' dir='ltr'><strong><em>συμ·</em></strong></span> 
     </span>
     <span class='ocr_line' id='line_1_39' title="bbox 350 4485 1457 4568; baseline -0.006 -18"><span class='ocrx_word' id='word_1_352' title='bbox 350 4500 580 4567; x_wconf 77' lang='grc' dir='ltr'><strong><em>περιφερομένου</em></strong></span> <span class='ocrx_word' id='word_1_353' title='bbox 591 4497 610 4547; x_wconf 95' lang='grc' dir='ltr'><strong>Β</strong></span> <span class='ocrx_word' id='word_1_354' title='bbox 622 4498 668 4562; x_wconf 85' lang='lat' dir='ltr'><strong><em>Ba,</em></strong></span> <span class='ocrx_word' id='word_1_355' title='bbox 682 4485 909 4568; x_wconf 75' lang='grc' dir='ltr'><strong><em>περιφερομένου</em></strong></span> <span class='ocrx_word' id='word_1_356' title='bbox 919 4495 956 4545; x_wconf 74' lang='lat' dir='ltr'><strong><em>loo</em></strong></span> <span class='ocrx_word' id='word_1_357' title='bbox 968 4497 1034 4547; x_wconf 72' lang='lat' dir='ltr'><strong><em>trois</em></strong></span> <span class='ocrx_word' id='word_1_358' title='bbox 1045 4510 1108 4545; x_wconf 80' lang='grc' dir='ltr'><strong><em>ωτι.</em></strong></span> <span class='ocrx_word' id='word_1_359' title='bbox 1121 4501 1189 4546; x_wconf 82' lang='lat' dir='ltr'><strong>testo</strong></span> <span class='ocrx_word' id='word_1_360' title='bbox 1202 4494 1247 4546; x_wconf 81' lang='lat' dir='ltr'><strong><em>Ma</em></strong></span> <span class='ocrx_word' id='word_1_361' title='bbox 1293 4494 1334 4546; x_wconf 81' lang='lat'><strong><em>20.</em></strong></span> <span class='ocrx_word' id='word_1_362' title='bbox 1348 4488 1407 4562; x_wconf 77' lang='grc' dir='ltr'><strong><em>οἶμα</em></strong></span> <span class='ocrx_word' id='word_1_363' title='bbox 1419 4492 1457 4560; x_wconf 76' lang='grc' dir='ltr'><strong><em>τῷ</em></strong></span> 
     </span>
     <span class='ocr_line' id='line_1_40' title="bbox 349 4572 1004 4648; baseline -0.006 -18"><span class='ocrx_word' id='word_1_364' title='bbox 349 4594 430 4647; x_wconf 84' lang='lat' dir='ltr'><strong>usquo</strong></span> <span class='ocrx_word' id='word_1_365' title='bbox 442 4579 474 4628; x_wconf 80' lang='lat' dir='ltr'><strong><em>od</em></strong></span> <span class='ocrx_word' id='word_1_366' title='bbox 485 4581 618 4648; x_wconf 76' lang='grc' dir='ltr'><strong><em>γίνεσθαι.</em></strong></span> <span class='ocrx_word' id='word_1_367' title='bbox 630 4592 678 4628; x_wconf 86' lang='lat' dir='ltr'><strong><em>om.</em></strong></span> <span class='ocrx_word' id='word_1_368' title='bbox 692 4577 711 4627; x_wconf 90' lang='lat' dir='ltr'><strong>B</strong></span> <span class='ocrx_word' id='word_1_369' title='bbox 778 4575 818 4643; x_wconf 79' lang='grc' dir='ltr'><strong><em>τῷ</em></strong></span> <span class='ocrx_word' id='word_1_370' title='bbox 830 4572 963 4644; x_wconf 75' lang='grc' dir='ltr'><strong><em>ὁρωμένῳ</em></strong></span> <span class='ocrx_word' id='word_1_371' title='bbox 976 4574 1004 4626; x_wconf 85' lang='lat' dir='ltr'><strong><em>of</em></strong></span> 
     </span>
    </p>
   </div>
   <div class='ocr_carea' id='block_1_5' title="bbox 0 0 1973 5742">
    <p class='ocr_par' dir='ltr' id='par_1_5' title="bbox 0 0 1973 5742">
     <span class='ocr_line' id='line_1_41' title="bbox 0 0 1973 5742; baseline 0 0"><span class='ocrx_word' id='word_1_372' title='bbox 0 0 1973 5742; x_wconf 95' lang='lat' dir='ltr'><strong><em> </em></strong></span> 
     </span>
    </p>
   </div>
  </div>
 </body>
</html>
