3925 5742
495 725 544 773 246
968 717 1122 768 ΑΝΟΝΥΜΙ

496 875 556 940 ἐπὶ
576 876 617 938 τοί
641 873 723 938 αὐτὰ
744 872 825 959 μέρη
842 867 962 954 γωνίας
978 868 1037 934 δύο
1053 864 1165 956 ὀρθῶν
1179 868 1358 946 ἐλάσσονας
1373 872 1469 956 ποιῇ,
1486 867 1603 950 ἐκβαλ-

496 975 632 1059 λομένας
653 974 713 1051 τὰς
735 972 793 1037 δύο
816 967 952 1048 εὐθείας
973 966 1031 1035 ἐπ’
1055 965 1195 1055 ἄπειρον
1217 966 1421 1053 συμπίπτειν
1437 967 1605 1056 ἀλλήλαις,

496 1071 551 1162 ἐφ’
574 1070 596 1140 ὅ
617 1073 696 1163 μέρη
721 1069 804 1138 εἰσίν
826 1066 861 1135 αί
883 1073 948 1135 τῶν
970 1070 1030 1136 δύο
1052 1067 1165 1153 ὀρθῶν
1187 1069 1362 1149 ἐλάσσονες
1385 1070 1513 1156 γωνίαι.

466 1206 479 1243 ε
584 1176 663 1259 [Καὶ
687 1174 746 1240 δύο
769 1169 902 1239 εὐθεῖαι
926 1169 1046 1256 χωρίον
1068 1168 1105 1237 οὐ
1129 1170 1357 1258 περιέχουσιν]

463 1346 481 1402 4
883 1327 1028 1393 Καιναί
1052 1324 1218 1393 ἔννοιαι.
1322 1371 1328 1381 ,

468 1463 478 1498 1
587 1432 636 1496 Τὰ
656 1439 705 1516 τῷ
727 1426 817 1517 αὐτῇ
837 1426 897 1494 ’ίσα
919 1428 976 1493 καί
999 1424 1154 1516 ἀλλήλοις
1176 1426 1260 1495 εἰσίν
1281 1425 1350 1496 ίσα.

467 1561 480 1600 ι
585 1533 654 1597 Καὶ
677 1530 734 1596 εἰίν
755 1527 846 1608 ἴσοις
867 1524 927 1595 ἴσα
949 1531 1132 1618 προστεθῇ,
1155 1531 1196 1594 τιί
1219 1527 1282 1596 ὅλα
1304 1529 1394 1597 ἐστίν
1414 1527 1486 1598 ίσα.

468 1669 480 1707 3
585 1631 654 1699 Καὶ
676 1631 733 1698 ε’ἂν
755 1627 825 1696 ἀπὸ
848 1626 930 1697 ἴσων
951 1625 1011 1696 ἴσα
1034 1627 1217 1720 ἅφαιρεθῇ,
1239 1632 1281 1697 τὰ
1303 1631 1407 1698 λοιποί
1429 1632 1519 1700 ἐστιν
1539 1629 1608 1700 ὅσα.

469 1771 481 1806 4
585 1733 655 1799 Καὶ
678 1731 735 1798 ἐὰν
758 1728 887 1808 ἀνίσοις
908 1728 967 1797 ἴσα
989 1733 1172 1820 προστεθῇ,
1194 1732 1237 1797 τοὶ
1260 1729 1321 1799 ὅλα
1342 1733 1432 1801 ἐστίν
1455 1731 1568 1802 ι’ίνισα.

469 1870 482 1907 5
585 1835 656 1901 Καὶ
672 1832 729 1899 εὐὶν
741 1829 811 1899 ἀπὸ
823 1829 943 1898 ἀνίσων
953 1828 1014 1899 ίσα
1026 1828 1209 1923 ἀφαιρεθῇ,
1222 1835 1263 1899 τὰ
1276 1836 1381 1902 λοιπά
1393 1835 1487 1904 ἐστιν
1499 1833 1609 1903 ὅνισα.
1633 1851 1660 1899 1ο

469 1970 482 2007 ι
586 1934 719 2001 Καὶτὰ
741 1940 800 1999 τοῦ
822 1928 921 1998 αὐτοῦ
945 1931 1111 1999 διπλάσια
1132 1931 1193 2000 ίσα
1215 1931 1371 2024 ἀλλήλοις
1392 1934 1492 2004 ἐστίν.

471 2071 482 2107 ι
586 2036 656 2101 Καὶ
677 2035 719 2100 τά
740 2037 798 2100 τοῦ
822 2030 919 2100 αὐτοῦ
941 2030 1045 2122 ἡμίση
1067 2030 1128 2101 ’ίσα
1150 2031 1307 2123 ἀλλήλοις
1328 2036 1424 2104 ἐστίν.

471 2167 484 2206 ε
542 2201 544 2205 ,
588 2135 656 2202 Καὶ
679 2136 717 2201 τὸ
742 2133 816 2201 ὅλον
837 2143 896 2201 τοῦ
917 2134 1038 2219 μέρους
1058 2135 1170 2219 μεῖζόν
1192 2135 1291 2203 ἐστιν.

471 2269 484 2306 υ
587 2240 657 2304 Καὶ
681 2238 741 2304 δύο
763 2233 896 2304 εὐθεῖαι
918 2236 1039 2322 χωρίον
1062 2234 1101 2304 οὕ
1124 2237 1340 2326 περιέχουσιν.

771 2395 940 2448 [υκυυαυτι
955 2396 974 2434 υ
990 2393 1115 2447 omnm,
1131 2397 1171 2436 υτ
1185 2397 1339 2451 mmm]
1636 2397 1663 2445 15

468 2492 487 2551 5
858 2477 971 2566 Ὅρος
995 2479 1245 2567 γεωμετρίας.

589 2591 619 2648 Γ
617 2579 776 2672 εωμετρία
799 2578 888 2647 ἐστίν
910 2578 1079 2669 ἐπιστήμη
1102 2585 1254 2669 μεγεθῶν
1276 2585 1333 2650 καί
1355 2586 1533 2672 σχημάτων
1555 2590 1612 2654 καὶ

501 2692 566 2751 τῶν
595 2683 855 2771 περιοριζουοῶν
884 2682 941 2748 καί
964 2690 1178 2768 περατουσιῦν
1199 2693 1303 2752 ταῦτα
1325 2686 1535 2776 ἐπιφανειῶν
1556 2690 1613 2756 καὶ

504 2787 659 2872 γραμμῶν
684 2786 749 2849 τῶν
774 2808 810 2849 τε
836 2783 870 2849 ἒν
891 2782 1024 2862 τούτοις
1045 2787 1169 2850 παθῶν
1191 2786 1248 2852 καί
1272 2786 1410 2870 σχέσεων
1434 2789 1503 2872 [καὶ
1526 2788 1612 2877 ε’νερ-

504 2893 601 2974 γειῶν
628 2886 661 2953 έν
687 2891 832 2974 μορφαῖς
858 2886 915 2951 καί
938 2884 1097 2973 κινήσεως
1124 2885 1306 2977 ποιότησι].
1339 2889 1453 2979 ,ποίθη
1475 2889 1538 2975 μέν
1559 2884 1664 2958 οὗνλθ

503 2991 633 3076 λέγεται
654 2987 696 3052 τὰ
719 2987 796 3074 περὶ
818 2987 877 3064 τὰς
900 2984 1091 3072 διαιρέσεις,
1114 2985 1241 3068 σχέσεις
1263 2990 1302 3057 δὲ
1323 2986 1355 3057 οἳ
1377 2994 1441 3057 τῶν
1460 2991 1615 3079 μεγεθῶν

416 3150 420 3155 ,
504 3091 590 3177 πρὸς
617 3087 741 3177 ἄλληλα
768 3089 860 3172 λόγοι
885 3087 941 3153 καὶ
968 3087 1085 3167 θέσεις
1108 3089 1175 3170 [καί
1198 3088 1281 3156 καθ’
1304 3089 1384 3158 αὐτὸ
1407 3091 1613 3178 ἐπιβάλλου-

504 3214 557 3259 σιν
577 3187 654 3280 ῇμῖν
677 3188 866 3269 αὐτοῖςκαὶ
889 3188 973 3276 πρὸς
996 3184 1120 3277 ὅλληλα
1142 3189 1388 3280 συγκρίνουσιν].

470 3352 489 3413 6
599 3345 694 3413 Ὅτι
716 3344 761 3409 τὸ
784 3341 822 3410 έν
843 3350 928 3421 τοῖς
949 3344 1110 3428 σώμασι
1130 3345 1308 3431 μέγεθος
1329 3349 1498 3433 συνεχές.

589 3445 711 3531 Συνεχῇ
746 3441 784 3509 δέ
809 3441 875 3509 εἶσι
902 3445 943 3508 τὰ
971 3442 1157 3534 ὁμοιομερῆ
1184 3444 1235 3513 ιλι>
1262 3446 1358 3531 ὅλων,
1392 3454 1450 3518 καί
1478 3445 1525 3519 ῶν
1554 3449 1611 3520 ἐπ’
1634 3470 1663 3518 25

504 3543 642 3631 ίίπειρον
662 3541 682 3632 ἡ
704 3543 800 3630 τομή,
824 3535 894 3608 οἷον
916 3546 1022 3626 σῶμα,
1045 3544 1160 3628 τόπος,
1184 3549 1306 3636 χρόνος,
1329 3551 1466 3642 κίνησις,
1482 3553 1614 3645 mma.

531 3703 704 3715 ‚-,..........-

574 3785 597 3836 l.
617 3784 686 3854 ποιῇ
697 3785 781 3849 Εοε1.,
794 3790 873 3838 ποιεῖ
884 3787 942 3838 libri
1007 3789 1032 3859 4.
1046 3789 1103 3841 Καὶ
1115 3787 1167 3842 δύο
1181 3787 1292 3850 εὐθείας
1299 3798 1409 3863 χωρίον
1419 3793 1458 3866 μὴ
1471 3801 1615 3870 περιέχειν

504 3867 576 3917 ΕιιοΙ.
647 3867 671 3916 6.
686 3867 765 3929 εἰσὶν]
779 3864 938 3919 ἔστὶνἘαυΙ.
1009 3872 1033 3921 8.
1047 3873 1117 3924 ἴσων
1127 3872 1210 3937 Εσολ,
1223 3869 1330 3928 ἀνίσων
1341 3878 1400 3928 libri
1456 3879 1497 3929 11.
1510 3879 1613 3932 διπλα-

504 3946 602 3998 σίουΡ
682 3944 774 3998 ἔστιΡ
865 3949 902 3998 12.
921 3943 1042 4018 ἣμισυΕ
1115 3961 1174 4018 post
1186 3955 1312 4014 notionem
1325 3959 1454 4024 septimam
1465 3961 1540 4012 Eucl.
1555 3963 1611 4013 add.

504 4027 561 4078 Καὶ
576 4022 610 4076 τὰ
627 4023 824 4094 ἐφαρμόζοντα
841 4025 887 4078 ἐπ’
906 4023 1008 4093 ἄλληλα
1026 4035 1073 4083 ἴσα
1090 4028 1218 4098 ἀλλήλοις
1234 4034 1296 4086 ἐστί
1376 4040 1414 4089 14.
1435 4057 1482 4091 om.
1496 4041 1612 4094 Euclidis

494 4102 584 4158 'codex
596 4123 625 4170 a,
640 4106 732 4157 habent
744 4109 789 4158 alii
870 4110 909 4160 16.
928 4110 959 4160 de
971 4113 1095 4178 capitibus
1107 4115 1182 4165 5-12
1194 4116 1245 4178 egit
1257 4116 1302 4167 Μα
1312 4133 1336 4183 p.
1352 4119 1440 4183 112³„
1453 4121 1533 4172 edidit
1546 4123 1611 4173 idem

504 4202 527 4253 p.
540 4182 631 4238 421s's.
645 4203 659 4236 e
672 4187 745 4237 libris
757 4188 880 4239 Parisinis
892 4192 967 4254 2475,
980 4195 1207 4258 praestantissimo,
1220 4211 1292 4260 quem
1303 4213 1351 4248 nos
1364 4200 1443 4251 denuo
1455 4203 1610 4257 ¹contulimus

505 4266 551 4330 (B),
565 4265 612 4315 387
624 4267 715 4332 suppl„
726 4269 801 4332 2385,
813 4285 876 4336 quos
889 4270 937 4322 duo
950 4272 1031 4322 libros
1043 4289 1098 4324 eum
1112 4275 1160 4341 ipsi
1172 4276 1203 4325 de
1215 4277 1253 4327 his
1266 4279 1390 4343 capitibus
1402 4296 1451 4331 non
1463 4282 1611 4348 adierimus,

505 4345 700 4409 significavimus
713 4363 727 4396 υ
739 4356 765 4397 et
777 4347 790 4398 f
851 4350 890 4399 20.
906 4349 1044 4417 ποιότηση
1057 4355 1075 4403 Β
1088 4356 1148 4418 (non
1162 4353 1308 4421 ποιοτήση,
1321 4361 1386 4424 quod
1398 4361 1455 4412 indo
1467 4363 1544 4415 affert
1559 4365 1610 4427 Ma)

573 4425 654 4491 πάθη
665 4429 727 4495 μὲν]
739 4428 894 4498 παθήματα
908 4432 935 4484 cf
1014 4434 1054 4484 22.
1072 4435 1255 4502 ἐπιβάλλουσι
1268 4438 1286 4486 Β
1355 4441 1396 4490 2³.
1415 4437 1527 4508 ἄλληλα]
1542 4441 1609 4496 ἄλλα

505 4507 531 4555 τί
597 4509 637 4557 25.
658 4511 710 4558 ελσὶ
725 4511 743 4558 Β
756 4519 782 4560 ct
795 4512 911 4562 similiter
924 4523 984 4578 puto
998 4514 1024 4564 ef
1035 4518 1091 4577 (non
1105 4515 1159 4566 εἶσι
1172 4519 1237 4585 quod
1249 4518 1325 4571 affert
1338 4520 1397 4585 Ma),
1411 4520 1468 4572 ἔστι
1483 4522 1528 4574 Ma
