3925 5742
816 731 1058 785 DEFINITIONES.
1462 734 1494 782 25

652 885 720 954 σθ’.
770 883 818 954 Τί
839 885 981 966 κύκλος
1003 884 1041 953 ἓν
1063 881 1232 976 σφαίρης
1526 881 1562 943 81

467 986 542 1057 Ἐάν
565 989 602 1057 δὲ
624 993 752 1080 σφαῖρα
773 989 899 1078 τμηθῇ,
921 985 942 1076 ἦ
964 988 1049 1076 τομή
1071 986 1191 1067 κύκλος
1212 984 1345 1074 γίνεται.

564 1127 610 1195 π’.
659 1124 707 1194 Τί
727 1126 869 1194 κύκλου
892 1124 1017 1205 πόλος
1038 1124 1108 1193 ἐπὶ
1131 1123 1322 1216 σφαίρας,·
1526 1122 1565 1184 82

472 1229 609 1298 Κύκλου,
630 1228 669 1295 δέ
697 1227 803 1309 πόλος
829 1228 863 1296 ἒν
890 1224 1018 1319 σφαίρφ
1044 1226 1175 1314 λέγεται
1200 1231 1335 1321 σημεῖον
1356 1226 1416 1294 ἐπὶ
1437 1228 1497 1314 τῆς

339 1353 355 1401 5
379 1329 588 1423 ἐπιφανείας
607 1332 667 1420 τῆς
687 1328 847 1420 σφαίρας,
874 1326 934 1419 ἀφ’
963 1323 1004 1397 ού
1024 1330 1137 1397 πᾶσαι
1159 1326 1194 1396 αλ
1217 1326 1495 1419 προσπίπτουσαι

383 1433 522 1503 εὐθεῖαι
544 1434 630 1521 πρός
650 1433 709 1521 τήν
729 1430 946 1523 περιφέρειαν
966 1428 1042 1499 ’ίσαι
1066 1428 1223 1521 ἀλλήλαις
1245 1428 1338 1500 εἰσίν.

415 1571 486 1640 πά.
522 1571 608 1640 Ὅτι
630 1578 707 1638 τῶν
728 1571 894 1658 στερεῶν
917 1568 1241 1658 ίσοπεριμέτρων
1262 1569 1467 1660 σχημάτων
1525 1569 1564 1632 83

758 1670 903 1758 μείζων
924 1669 945 1763 ἦ
969 1677 1128 1763 σφαῖρα.

463 1775 592 1864 Ὥσπερ
616 1774 653 1842 δὲ
674 1774 739 1842 τῶν
760 1774 937 1842 ἐπιπέδων
958 1772 1220 1865 ἱσοπεριμέτρων
1234 1764 1408 1864 σχημάτων
1421 1771 1494 1859 μεί-

326 1900 358 1950 10
384 1881 448 1962 ζων
476 1878 549 1947 ἐστὶ
574 1875 706 1958 κύκλος,
732 1875 817 1943 ούτω
838 1877 877 1942 τό
899 1877 957 1966 τῆς
978 1875 1125 1968 σφαίρας
1147 1878 1255 1966 σχῆμα
1277 1875 1411 1943 πάντων
1430 1877 1495 1943 τῶν

382 1981 527 2068 στερεῶν
553 1978 814 2071 ίσοπεριμέτρων
847 1977 928 2071 αὐτῇ
961 1981 1151 2070 σχημάτων,
1184 1978 1336 2048 τουτέστι
1361 1985 1428 2045 τῶν
1455 1983 1495 2069 τῇ

382 2082 442 2174 ἰ’ση
466 2080 651 2173 ἐπιφανείη
672 2083 882 2173 κεχρημένων,
904 2081 1060 2170 μέγιστόν
1082 2083 1164 2165 ἐστι,
1183 2082 1238 2149 διό
1255 2081 1313 2149 καί
1327 2104 1495 2170 περιεκτι-

381 2187 442 2254 κὸν
461 2192 529 2253 τῶν
550 2180 656 2252 ύίλλων
679 2181 834 2251 ἁπάντων
856 2183 1045 2252 ἐλαττόνων.

384 2323 492 2410 Περὶ
517 2325 593 2390 τῶν
614 2323 656 2402 ἐξ
677 2319 965 2408 ἀνομοιογενῶν
988 2320 1190 2391 συνθέτων
1213 2319 1381 2406 στερεῶν
1402 2342 1493 2410 σχη-
1524 2329 1565 2392 84

325 2462 358 2511 15
798 2421 928 2507 μάτων
951 2420 1082 2503 οὕτως.

579 2536 581 2540 ’
778 2523 851 2611 πβ’.
901 2524 948 2595 Τί
968 2526 1107 2608 κῶνος,·

470 2628 587 2710 Κῶνός
609 2628 682 2697 ἔστι
703 2629 813 2718 σχῆμα
834 2630 965 2716 στερεὸν
986 2627 1086 2716 βάσιν
1106 2627 1165 2712 μέν
1185 2624 1258 2710 ἕχον
1272 2626 1399 2711 κύκλον,
1418 2648 1496 2694 συν-

383 2729 547 2819 αγόμενον
574 2731 612 2800 δὲ
638 2728 696 2822 ὑφ’
724 2729 759 2798 ἓν
786 2737 935 2820 σημεῖον·
969 2727 1026 2798 ἐὰν
1054 2730 1115 2817 γάρ
1144 2728 1214 2797 άπό
1241 2729 1407 2818 μετεώρου
1435 2753 1497 2821 σηῂ

381 2833 481 2920 μείου
511 2833 572 2902 ἐπὶ
601 2833 720 2902 κύκλου
752 2835 970 2923 περιφέρειαν
1000 2830 1117 2901 εύθεῖά
1144 2858 1198 2912 τις
1227 2836 1407 2923 προβληθῇ
1437 2832 1496 2900 καί

323 2957 359 3006 20
384 2939 641 3026 περιενεχθεῖσα
667 2933 716 3016 είς
741 2936 781 3003 τό
802 2931 884 3003 αύτό
907 2934 1009 3003 πάλιν
1032 2933 1303 3025 ἀποκατασταθῇ
1307 2987 1316 3019 ,
1343 2936 1382 3003 τό
1406 2932 1495 3004 άπο-

382 3038 524 3130 γενηθὲν
546 3039 654 3126 σχῆμα
675 3044 778 3119 κῶνος
798 3035 933 3124 γίνεται.
977 3037 1035 3104 καί
1056 3033 1177 3117 άλλως·
1205 3036 1263 3105 ε’άν
1288 3033 1494 3125 ὀρθογωνίου
1522 3061 1534 3100 ε

382 3140 544 3230 τριγώνου
570 3139 731 3230 μενούσης
756 3143 838 3226 μιᾶς
865 3142 1010 3230 πλευράς
1036 3142 1100 3207 τῶν
1122 3140 1202 3227 περί
1222 3140 1282 3229 την
1304 3137 1410 3229 ὀρθὴν
1431 3163 1494 3226 γω-

383 3243 458 3311 νίαν
479 3241 694 3332 περιενεχθὲν
714 3240 870 3331 τρίγωνον
892 3244 1002 3331 σχῆμα
1023 3240 1071 3322 εἰς
1091 3242 1131 3309 τό
1149 3238 1230 3309 αύτό
1245 3241 1350 3308 πάλιν
1365 3239 1494 3308 ύποκα-

387 3351 562 3435 τασταθῇ,
596 3341 677 3413 ὅθεν
709 3340 833 3434 ἤρξατο
865 3343 1032 3433 φέρεσθαι
1065 3346 1262 3438 [περιληφθὲν
1299 3345 1438 3435 οχῆμα],
1471 3340 1491 3432 ἦ

324 3467 360 3517 25
383 3449 445 3535 μὲν
472 3446 622 3536 γινομένη
652 3443 722 3514 άπό
749 3452 809 3535 τῆς
832 3443 1070 3536 ὑποτεινούσης
1091 3447 1149 3513 τοῦ
1169 3445 1329 3536 τριγώνου
1351 3448 1496 3535 πλευράς

365 3544 368 3548 ’
384 3551 526 3640 περιοχή
543 3544 726 3639 ἐπιφάνεια
739 3548 862 3637 κωνικη
877 3550 1038 3631 καλεῖται,
1052 3548 1091 3616 τό
1108 3549 1146 3619 dd
1160 3549 1371 3640 περιληφθὲν
1385 3554 1496 3638 σχῆμα

388 3652 523 3742 στερεόν
544 3657 658 3731 κῶνος.
739 3714 741 3718 .

707 3752 774 3839 πγ.
822 3751 870 3821 Τί
891 3750 1014 3840 βάσις
1034 3751 1176 3838 κώνους
1524 3753 1565 3816 85

472 3855 583 3938 Βάσις
605 3856 644 3925 δὲ
664 3855 770 3924 κώνου
793 3852 812 3924 ὁ
833 3854 951 3935 κύκλος
972 3857 1133 3925 καλεῖται.

326 4026 362 4074 3ο
689 3992 761 4062 πά.
809 3993 857 4062 Τί
878 3997 1030 4086 κορυφή
1052 3995 1194 4078 κώνους
1525 3987 1565 4050 86

476 4097 616 4188 Κορυφὴ
640 4097 678 4165 δὲ
699 4097 804 4165 κώνου
826 4099 865 4164 τὸ
887 4103 1028 4187 σημεῖον.

383 4244 588 4255 ——---—

454 4313 478 4364 3.
498 4311 657 4382 σφαῖρανθ
729 4311 768 4361 10.
786 4305 902 4368 ούτωςΒ
956 4311 996 4363 11.
1014 4309 1098 4376 αὐτῆς
1108 4311 1175 4376 libri,
1190 4325 1238 4362 om.
1250 4311 1290 4361 Da
1343 4308 1382 4360 14.
1400 4307 1511 4379 ἐξανοῂ

382 4394 546 4465 μογενῶνΒ
622 4393 661 4444 11.
680 4389 814 4445 αύκλουΙ4Ἱ
895 4394 934 4445 18.
952 4388 1002 4464 ὑφ’
1018 4394 1045 4459 Β,
1059 4393 1130 4450 εἰςΕ
1213 4393 1252 4443 19.
1271 4391 1494 4462 προβληθῇναιΒ

453 4476 496 4527 21.
514 4474 703 4543 γίνεταιΒΙλυ
716 4473 791 4536 (conf.
805 4490 859 4541 cap.
871 4475 922 4539 90),
932 4471 1042 4526 έστινΡ
1111 4473 1152 4526 23.
1165 4467 1333 4543 τριγώνουΒ
1400 4470 1443 4524 26.
1460 4468 1493 4522 τό

385 4554 417 4609 δὲ
432 4554 609 4628 περιληφθὲν
622 4568 666 4623 σχ.
679 4568 721 4607 στ.
733 4572 757 4607 κ.
772 4571 820 4606 om.
834 4557 853 4606 B
