3925 5742
502 737 535 787 24
983 727 1128 780 unnoxls

433 920 474 983 76
559 909 621 978 οδ’.
670 906 783 986 Τίνες
803 904 844 973 έν
863 909 949 984 τοῖς
970 907 1151 992 στερεοῖς
1172 902 1346 993 σχήμασι
1367 910 1560 992 γραμμῶν

952 1003 1166 1096 διαφοραῖς

593 1112 667 1178 Τῶν
692 1109 727 1179 έν
751 1113 823 1189 τοῖς
849 1112 993 1195 στερεοῖς
1018 1107 1167 1199 σχήμασι
1196 1114 1278 1193 [τῶν]
1308 1115 1465 1197 γραμμῶν
1492 1105 1530 1176 αῖ
1557 1110 1617 1195 μέν

504 1214 589 1283 εἰσιν
615 1211 734 1294 ἆπλαῖ,
764 1210 800 1280 αῖ
828 1209 866 1277 δέ
891 1208 1018 1296 μικταί.
1063 1209 1172 1278 ἁπλαῖ
1197 1210 1257 1297 μέν
1286 1205 1343 1278 οὖν
1365 1213 1460 1278 αἵτε
1482 1207 1618 1281 είθεῖαι

502 1316 559 1384 καί
582 1319 785 1405 περιφερεῖς,
813 1311 930 1398 μικταὶ
954 1311 992 1380 δέ
1013 1315 1107 1379 αἵτε
1128 1312 1267 1380 κωνικαὶ
1288 1312 1347 1380 καί
1369 1311 1405 1380 αῖ
1426 1314 1614 1402 σπειρικαί.
1637 1337 1652 1385 5

503 1419 562 1484 καί
595 1409 694 1482 αὗται
725 1414 784 1500 μὲν
809 1412 1004 1499 τεταγμέναι
1030 1410 1110 1490 είσί,
1143 1422 1210 1479 τῶν
1237 1413 1275 1480 δέ
1303 1411 1454 1483 ἀτάκτων
1479 1417 1617 1506 πλῆθος

505 1516 646 1606 ι’ίπειρόν
667 1516 758 1585 ε’στιν
779 1513 825 1596 ῶς
846 1515 904 1582 καί
925 1523 990 1581 τῶν
1011 1515 1188 1583 συνθέτων.

435 1669 475 1728 '17
527 1655 580 1724 σε’.
623 1655 726 1744 Περὶ
747 1650 937 1745 σφαίρας,
964 1650 1190 1722 ἄσυνθέτου
1213 1656 1374 1745 στερεοῦ
1396 1652 1588 1742 σώματος,

768 1755 835 1822 καί
857 1760 1079 1844 σφαιρικῆς
1100 1752 1354 1845 ἐπιφανείας.
1573 1836 1577 1842 ‚

590 1859 724 1949 Σφαῖρά
745 1857 816 1925 έστι
833 1865 941 1945 σχῆμα
956 1858 1089 1945 στερεὸν
1108 1855 1176 1924 ὑπὸ
1190 1859 1273 1942 μιᾶς
1287 1857 1489 1950 ἐπιφανείας
1503 1884 1615 1952 περιε-
1637 1882 1666 1933 10

503 1961 649 2048 χόμενον,
672 1960 758 2049 πρὸς
778 1953 818 2047 ἢν
840 1955 896 2048 ἀφ’
920 1954 992 2039 ἑνὸς
1006 1948 1142 2048 σημείου
1156 1961 1222 2025 τῶν
1240 1959 1331 2041 ἐντὸς
1347 1961 1415 2046 [καί
1427 1962 1542 2048 μέσον]
1559 1966 1617 2032 τοῖ

506 2065 672 2153 σχήματος
697 2061 853 2147 κειμένων
879 2063 991 2128 πᾶσαι
1018 2057 1054 2127 αῖ
1081 2059 1359 2147 προσπίπτουσαι
1385 2061 1521 2133 είθεῖαι
1543 2064 1619 2136 ῖσαι

505 2162 664 2253 ἀλλήλαις
692 2161 789 2232 είσίν·
818 2157 839 2250 ἢ
866 2163 977 2251 σχῆμα
1005 2163 1136 2252 στερεὸν
1162 2157 1270 2251 ῖκρως
1291 2165 1503 2252 στρογγύλον,
1532 2164 1618 2235 ῶστε

506 2266 543 2334 ἐκ
570 2273 631 2335 τοῦ
659 2265 762 2351 μέσον
784 2262 894 2354 πάντη
916 2259 995 2343 ῖσας
1015 2259 1102 2346 ἔχειν
1121 2265 1183 2345 τοὶς
1205 2261 1423 2346 οίποστοίσεις·
1453 2266 1617 2358 ὅτανγὰρ

506 2367 702 2458 ἡμικυκλίου
729 2365 890 2456 μενούσης
915 2373 975 2453 τῆς
1001 2367 1179 2454 διαμέτρου
1202 2369 1415 2456 περιενεχθὲν
1435 2370 1474 2438 τὸ
1495 2368 1617 2460 ἦμικύ-
1639 2382 1669 2432 15

506 2471 599 2537 κλιον
621 2466 669 2548 είς
690 2467 791 2535 ταύτὰ
813 2465 917 2534 πάλιν
938 2466 1219 2561 ἀποκατασταθῇ,
1239 2466 1261 2559 ἦ
1283 2469 1343 2555 μέν
1365 2471 1517 2564 γινομένη
1540 2472 1618 2542 ἐπι-

508 2571 631 2662 φάνεια
652 2567 722 2638 ὑπὸ
743 2570 802 2659 τῆς
821 2577 881 2636 τοῦ
902 2566 1100 2659 ἡμικυκλίου
1122 2573 1339 2663 περιφερείας
1360 2577 1523 2666 σφαιρικῇ
1538 2576 1618 2644 ίπι-

508 2672 633 2763 φοίνεια
653 2673 818 2752 καλεῖται,
844 2671 885 2739 τὸ
908 2670 946 2738 δέ
968 2673 1177 2763 περιληφθὲν
1198 2675 1329 2765 στερεὰν
1350 2678 1458 2766 σχῆμα
1479 2683 1617 2768 σφαῖρα.

437 2813 478 2877 78
792 2785 848 2891 οςί.
898 2809 944 2877 Τί
965 2809 1126 2899 κέντρον
1148 2812 1337 2902 σφαίρας,·

597 2913 645 2980 Τὰ
668 2911 706 2979 δὲ
726 2911 830 2996 μέσον
849 2914 910 3001 τῆς
931 2911 1077 3002 σφαίρας
1097 2913 1230 3004 κέντρον
1244 2913 1344 3006 αίτῆς
1358 2919 1520 2987 καλεῖται·
1544 2915 1620 2988 ἔστι
1640 2935 1672 2985 2⁰

510 3015 547 3084 δέ
568 3012 671 3084 ταῦτὸ
692 3021 792 3083 τοῦτο
813 3014 871 3083 καὶ
892 3015 950 3082 τοῦ
970 3012 1195 3105 ἡμισφαιρίου
1217 3017 1358 3106 κέντρον.

437 3158 478 3220 79
810 3152 870 3235 οζ’.
918 3151 969 3221 Τί
990 3149 1095 3235 ἷίξων
1116 3155 1316 3246 σφαίρας,·
1382 3201 1383 3205 =

588 3255 636 3322 ‘H
654 3255 693 3324 δέ
716 3256 894 3344 διάμετρος
914 3257 972 3346 τῆς
995 3257 1141 3346 σφαίρας
1163 3254 1250 3339 ίίξων
1271 3260 1431 3341 καλεῖται,
1447 3263 1506 3331 καὶ
1527 3259 1621 3330 ἔστιν

507 3357 625 3427 εὐθεῖά
653 3384 707 3437 τις
737 3359 796 3426 διὰ
821 3361 881 3426 τοῦ
906 3361 1039 3448 κέντρου
1068 3356 1190 3450 ἠγμένη
1218 3361 1277 3428 καί
1304 3363 1531 3454 περατουμένη
1560 3362 1619 3455 ἐφ’

506 3459 644 3549 ἑκάτερα
665 3462 708 3527 τοὶ
722 3459 802 3549 μέρη
817 3463 877 3550 τῆς
895 3461 1050 3553 σφαίρας,
1070 3459 1317 3553 α’μετακίνητος,
1333 3466 1412 3556 περὶ
1425 3461 1498 3556 ἣνῆ
1514 3469 1619 3557 σφαῖ-
1640 3480 1672 3531 25

508 3589 550 3651 ρα
571 3568 714 3631 κινεῖται
734 3564 793 3630 καί
815 3564 1002 3653 στρέφεται.

439 3702 479 3766 80
851 3700 907 3791 οη’.
956 3700 1004 3770 Τί
1025 3703 1112 3771 ίστι
1134 3702 1275 3787 πόλος,·

598 3804 650 3870 To}
671 3803 800 3894 πέρατα
820 3805 879 3871 τοῦ
900 3799 1015 3886 ἄξονος
1035 3804 1138 3874 πόλοι
1160 3810 1346 3876 καλοῦνται.

579 4056 601 4107 1.
619 4055 676 4106 hinc
688 4069 767 4121 usque
781 4053 800 4104 C
812 4069 827 4103 a
839 4068 878 4105 me
891 4070 940 4105 non
952 4055 1063 4107 collatus
1076 4065 1116 4108 est
1168 4058 1193 4108 5.
1205 4057 1273 4110 αἵτε
1285 4059 1408 4125 κωνικαλ]
1421 4059 1452 4110 αἱ
1463 4061 1620 4114 τικτονικαὶ

508 4137 568 4190 libri
636 4135 683 4188 καὶ
695 4137 733 4200 αἱ]
747 4135 851 4187 καὶκαὶ
863 4137 890 4201 Β,
903 4153 978 4188 unum
991 4136 1070 4187 καὶῐ·ἱ
1135 4140 1294 4208 σπιρικαὶΒ
1364 4139 1388 4192 8.
1407 4131 1620 4194 συνθέτουλίλιοὶ

575 4218 623 4270 καὶ
634 4226 693 4269 anto
707 4219 820 4286 στερεοῦ
832 4218 922 4269 ndd.F
1018 4219 1042 4269 9.
1063 4221 1229 4290 σφερικῆςῖ*Ἰ
1322 4222 1363 4272 10.
1381 4217 1532 4293 στερεῶνΒ

510 4301 550 4352 11.
570 4298 886 4369 μέσονΉλα,μέσουΒ
957 4299 997 4351 13.
1016 4296 1161 4366 dumata
1229 4297 1319 4370 οῖκροσ
1332 4302 1536 4374 στρογγῦλονΒ

512 4381 551 4431 14.
568 4377 670 4452 ποίντη]
683 4383 771 4433 παντί
781 4380 809 4444 Β,
822 4375 938 4444 παντ“1·“1
1019 4382 1059 4432 15.
1076 4377 1224 4451 μενούσης]
1237 4380 1291 4453 μὲν
1303 4377 1387 4448 οιῖσης
1399 4384 1458 4435 libri
1494 4387 1499 4396 ’
1539 4401 1619 4453 περι-

510 4460 676 4528 συνεχθίνΒ
745 4461 787 4514 21.
805 4460 888 4514 τοῦτο
901 4462 981 4514 οοι.Β
1055 4462 1096 4517 26.
1114 4465 1161 4515 καὶ
1173 4464 1324 4535 στρέφεται
1336 4466 1416 4517 οιο.Β
1486 4463 1527 4516 28.
1547 4461 1618 4526 ιῖξω-

509 4541 640 4599 νοςΒῦσ
