3925 5742
664 770 674 777 “
771 789 1050 844 οτσοσοκσσσιοκ
1063 793 1100 857 (ι).
1444 802 1491 853 ιον

379 945 448 1030 νβ’·
476 944 535 1013 καί
560 942 753 1034 προσάγαγε
779 944 893 1024 αὐτοῖς
917 945 958 1012 τό
986 941 1077 1014 ἴδιον
1104 943 1223 1036 ἥμισυ·
1254 950 1399 1038 γίνονται
1428 954 1492 1043 σμ’·

377 1046 438 1114 καὶ
462 1046 505 1114 τό
532 1043 564 1133 μ’
586 1042 645 1133 ἐφ’
665 1043 767 1114 ἑαυτὰ
789 1042 935 1131 γίνονται
956 1045 1009 1115 δ’·
1036 1047 1231 1138 προσόμαγε
1251 1058 1323 1134 τοῖς
1345 1054 1410 1143 αρ’·
1440 1056 1492 1144 μί-

378 1173 492 1219 νονται
514 1146 583 1230 πζ’·
605 1148 711 1215 ταῦτα
732 1145 876 1237 ποίησον
896 1146 957 1217 ἐπὶ
977 1150 1038 1239 τήν
1053 1147 1118 1219 ἔσω
1133 1149 1381 1239 ὑποτείνουσαν,
1395 1181 1492 1228 τουτ-

378 1244 471 1319 όστιν
496 1251 557 1320 ἐπὶ
585 1252 628 1319 τό
656 1249 703 1340 μ’·
731 1250 879 1338 γίνονται
906 1249 999 1335 σξσί·
1028 1244 1073 1320 ῶν
1099 1253 1138 1322 τδ
1165 1260 1185 1323 8
1213 1252 1359 1341 γίνονται
1385 1258 1436 1348 ρλ’
1456 1265 1491 1329 8·

341 1377 357 1425 5
378 1356 484 1422 ταῦτα
504 1352 676 1434 ἓνδεκόκις
697 1351 844 1441 γίνονται
864 1354 975 1441 ,αυίε’·
999 1346 1045 1423 ῶν
1065 1356 1105 1425 τδ
1128 1357 1194 1425 κα”
1213 1356 1359 1444 γίνονται
1374 1360 1427 1452 ξη’
1441 1361 1491 1449 μί’·

377 1454 546 1525 τοσούτων
567 1454 693 1545 γίνεται
714 1456 755 1524 τδ
777 1457 908 1546 στερεόν
929 1457 988 1528 σύν
1007 1458 1056 1548 τῷ
1077 1457 1258 1546 κενώμασι·
1280 1458 1343 1552 ἀφ’
1366 1453 1411 1529 ῶν
1430 1465 1489 1553 χρυ)
1510 1493 1522 1532 ο

378 1551 460 1648 ἆραι
485 1560 525 1627 τδ
551 1558 684 1645 κένωμα
710 1554 837 1644 δμοίως
861 1558 1098 1649 μετρήσαντας·
1125 1559 1225 1647 ἐχέτω
1253 1563 1316 1652 γὰρ
1342 1559 1363 1652 ἡ
1390 1563 1491 1655 κόγχη

378 1662 420 1728 τό
446 1660 574 1743 πλάτος
599 1667 660 1752 τῆς
686 1660 898 1749 βόστωςτού
922 1659 1187 1753 οἰκοδομήματος
1207 1664 1321 1747 πόδας
1340 1665 1392 1752 β’·
1418 1668 1491 1736 λοι-

380 1768 447 1834 πδν
466 1762 486 1855 ἡ
508 1763 610 1851 δόσις
629 1764 689 1833 τοῦ
711 1763 905 1854 ἕσωφώτου,
934 1763 1041 1833 ε’ίτουν
1061 1767 1122 1833 τοῦ
1142 1765 1345 1853 κενώματος,
1374 1772 1491 1839 ποδῶν

324 1887 357 1938 10
380 1866 421 1934 τ’·
450 1862 471 1956 ἡ
500 1868 537 1935 δὲ
562 1868 648 1956 πρὸς
669 1863 779 1954 όρδδς
798 1868 915 1936 ποδῶν
937 1866 984 1956 μ’·
1008 1864 1032 1956 ἡ
1056 1868 1094 1936 ’δὲ
1115 1863 1181 1937 ἔσω
1202 1866 1354 1939 τείνουσα
1375 1874 1491 1940 ποδῶν

378 1967 428 2054 β’·
450 1966 575 2054 γίνεται
598 1963 654 2037 οὖν
676 1975 735 2036 τοῦ
756 1967 943 2054 κενώματος
965 1967 1089 2054 ὁμοίως
1108 1974 1329 2060 μετρουμένου
1348 1973 1434 2041 κατὰ
1447 1976 1521 2042 τότ

378 2069 607 2156 προλεχδέντα
627 2071 692 2138 τῶν
714 2069 740 2138 ι’
761 2073 821 2160 τῆς
844 2070 1022 2158 διαμέτρου
1043 2072 1083 2140 τδ
1098 2078 1119 2139 S
1134 2071 1173 2141 ε’·
1194 2076 1299 2142 ταῦτα
1318 2072 1375 2167 ἐφ’
1389 2071 1491 2144 ἑαυτό

382 2172 528 2260 γίνονται
549 2172 610 2241 κε’·
638 2173 696 2241 καί
717 2173 760 2241 τό
782 2172 815 2260 μ’
838 2170 896 2263 ἐφ’
917 2170 1019 2241 ἑαυτό
1041 2171 1187 2261 γίνονται
1208 2175 1259 2244 θ’·
1281 2173 1365 2263 ὁμοῦ
1386 2175 1491 2265 γίνον-

379 2302 438 2346 ται
463 2275 533 2344 ἰδ’·
560 2267 612 2358 οἷς
641 2275 833 2366 προσάγαγε
853 2276 893 2344 τό
913 2273 1004 2345 ἰδιον
1025 2274 1144 2366 ἥμισυ·
1172 2276 1319 2364 γίνονται
1339 2279 1406 2346 να’·
1434 2279 1491 2363 καί

325 2398 358 2449 15
380 2380 423 2447 τό
449 2377 485 2465 β’
507 2376 564 2469 ἐφ’
584 2375 685 2447 ἑαυτὰ
711 2375 859 2467 γίνονται
881 2376 927 2444 δ’·
955 2375 1147 2466 προσόγαμσ
1166 2382 1238 2458 τοῖς
1258 2377 1318 2446 να’·
1344 2377 1490 2467 γίνονται

378 2480 440 2549 νε’·
466 2482 571 2548 ταῦτα
595 2476 765 2560 ἓνδεκόκις
791 2476 938 2567 γίνονται
964 2477 1028 2562 κε’·
1056 2471 1107 2577 ῶν
1125 2479 1165 2548 τό
1192 2478 1256 2547 κα”
1283 2475 1406 2569 γίνεται
1435 2482 1490 2572 κη’

379 2582 437 2651 καὶ
460 2582 508 2665 ιζ’
529 2581 594 2650 κα”
614 2580 690 2650 κα”·
711 2581 873 2651 τοσούτου
893 2582 933 2650 τό
947 2582 1078 2670 στερεὸν
1091 2584 1151 2651 τού
1164 2583 1365 2670 κενώματος·
1387 2585 1491 2653 ταῦτα
1508 2613 1521 2654 ο

349 2741 351 2745 .
379 2683 483 2777 όφελε
509 2681 581 2753 οἰπδ
605 2686 672 2752 τῶν
698 2683 751 2775 ξη’
777 2682 832 2772 y''·
867 2684 975 2753 λοιποὶ
1001 2684 1061 2754 ἰδ’
1089 2684 1131 2772 y''
1155 2683 1196 2768 ζ”
1218 2684 1297 2753 κα”·
1331 2685 1490 2757 τοσούτου

381 2785 621 2857 καταλείπεται
642 2787 682 2856 τό
704 2787 835 2878 στερεόν
855 2787 915 2875 τῆς
936 2783 1115 2877 οἰκοδομῆς
1130 2782 1197 2882 [τῆς
1207 2787 1317 2879 κόγχης
1334 2789 1489 2883 δηλονότι].

324 2913 359 2964 20
471 2889 643 2985 [Τμήματος
664 2891 803 2978 σφαίρας,
826 2891 972 2960 τουτέστιν
995 2891 1166 2982 ἰσαρίθμου,
1189 2891 1284 2962 πόντα
1306 2894 1426 2974 ποίησον
1448 2891 1521 2966 δίο

380 2993 530 3085 οἷλλήλων·
553 2991 602 3062 καί
624 2996 679 3062 τῶν
701 2995 847 3084 γενομένων
861 2990 996 3063 καθόλου
1012 2989 1046 3061 τό
1062 2986 1151 3084 ἥμισυ
1166 2993 1215 3063 καί
1230 2991 1264 3063 τδ
1280 3004 1321 3085 μβ
1328 2997 1354 3076 ''‚
1372 2992 1490 3084 ἐπειδή-

380 3127 433 3186 περ
463 3094 561 3186 ποίσης
589 3096 717 3183 σφαίρας
747 3093 782 3164 τδ
804 3095 945 3179 κυβισθέν
966 3096 1049 3185 μέρος
1072 3089 1161 3187 ἥμισυ
1184 3096 1233 3165 καί
1255 3097 1320 3188 μβ”
1343 3096 1404 3164 ἴσον
1427 3095 1490 3166 ἐστὶ

379 3201 577 3295 οἵουοῖου]
1594 3193 1600 3198 ’

467 3303 624 3393 Θέατρον,
645 3294 684 3370 ού
704 3298 725 3391 ἦ
747 3301 807 3388 μίν
827 3297 948 3388 μείζων
968 3303 1168 3394 περιφέρεια
1188 3303 1305 3371 ποδῶν
1325 3301 1387 3385 υκ’,
1409 3302 1429 3393 ἡ
1450 3302 1488 3372 δὲ
1503 3316 1543 3377 43

322 3425 358 3475 25
379 3403 525 3476 ἐλάττων
545 3407 662 3474 ποδῶν
683 3403 754 3494 ρπ’,
778 3401 813 3471 σί
834 3403 873 3473 δὲ
893 3402 1064 3491 βαθμίδος
1085 3401 1153 3473 εἰσί
1173 3404 1230 3473 τδυ
1251 3402 1400 3493 δριθμδν
1417 3404 1489 3473 σπ’·

379 3506 485 3601 σύρεῖν
505 3509 635 3589 πόσους
655 3503 777 3596 δίνδρας
796 3511 908 3594 χωρεῖ·
936 3504 1032 3577 ποίει
1054 3503 1174 3586 οὕτως·
1197 3507 1317 3588 σύνθες
1337 3508 1395 3597 τήν
1415 3506 1490 3593 μεί-

381 3614 458 3695 ζονα
478 3612 537 3680 καί
558 3612 618 3701 τήν
638 3607 806 3692 ἐλάττονα,
826 3607 978 3678 τουτέστι
994 3609 1036 3677 τό
1050 3607 1104 3676 υκ’
1118 3608 1178 3677 καί
1191 3610 1235 3677 τὰ
1249 3607 1319 3697 ρπ’·
1342 3607 1489 3697 γίνονται

379 3715 423 3800 χ’·
445 3707 492 3782 ῶν
512 3715 551 3783 τὸ
573 3719 593 3780 8
615 3709 739 3800 γίνεται
760 3711 809 3778 τ’·
835 3719 942 3780 ταῦτα
964 3708 1242 3781 πολυπλασίασον
1263 3711 1323 3780 ἰπὶ
1343 3711 1404 3793 τδς
1424 3718 1488 3798 βα-

379 3815 524 3905 θμίδας·
548 3814 692 3905 γίνονται
715 3815 787 3903 ἢ,δ·
809 3813 983 3895 τοσούτους
1004 3809 1125 3906 δίνδρας
1139 3819 1254 3906 χωρῶ·
1276 3812 1413 3894 ἕκαστος
1428 3813 1489 3900 γὰρ

324 3942 360 3994 30
381 3921 469 4000 πούς
490 3917 546 3987 ἕνα
568 3913 672 4008 ύνδρα
695 3920 802 4006 χωρεῖ.

451 4225 473 4275 l.
492 4217 589 4294 ἥμισυ]
603 4219 640 4276 δ”
652 4226 672 4276 Β
751 4225 776 4276 7.
793 4217 984 4293 μετρήσαντος
995 4220 1022 4272 Μ
1090 4219 1114 4271 8.
1132 4212 1226 4276 πόδας
1236 4231 1282 4284 μοι·
1294 4215 1423 4281 compend.
1438 4228 1488 4266 κστ.

380 4309 406 4358 in
417 4307 491 4358 libris
577 4301 710 4372 λοιπὴνΒ
800 4305 824 4355 9.
843 4301 898 4355 ἰσυ
909 4297 1005 4373 φώτου
1017 4299 1052 4366 Μ,
1064 4295 1243 4370 ἐσοφώτουΒ
1330 4293 1431 4348 ποδῶν
1441 4310 1488 4362 per

379 4387 509 4456 compend.
529 4403 579 4439 εστ.
596 4387 622 4438 in
634 4387 706 4438 libris
789 4385 828 4437 10.
846 4380 887 4453 γ’]
899 4384 983 4454 τριῶν
995 4382 1015 4433 Β
1089 4381 1130 4436 15.
1147 4381 1273 4447 γίνονται
1285 4374 1325 4433 κε’
1340 4375 1421 4430 υσεδ

383 4470 423 4521 16.
441 4464 592 4534 ἑνδεκόκις]
606 4465 647 4520 ια’
659 4469 679 4519 Β
751 4469 866 4537 γίνεται]
879 4461 951 4534 γι’Β
1020 4463 1062 4515 20.
1081 4460 1267 4533 ἰσορίδμουΒ
1335 4459 1377 4511 21.
1388 4451 1485 4528 ἥμισυ]

382 4547 417 4602 §¹¹
430 4551 450 4603 B
535 4550 577 4602 22.
594 4548 689 4621 μέρος]
699 4549 803 4620 μέτρον
815 4548 834 4600 Β
901 4539 999 4616 ἥμισυ]
1012 4541 1048 4596 δ”
1062 4544 1089 4598 Μ
1165 4541 1207 4595 23.
1224 4542 1258 4612 τῇ
1270 4542 1386 4608 σφαίρᾳ]
1400 4540 1489 4610 σφαί·

383 4632 473 4704 ραςΜ
542 4631 585 4683 25.
605 4629 749 4684 ἔλαττονΒ
817 4623 1049 4699 τῶνοίριθμῶνδ
1117 4618 1368 4690 29.ἢ,δ’Μ,“ἡδΒ
