3925 5742
485 858 533 907 ’ΖΗ
968 855 1112 908 HERONIS

486 1011 554 1075 δῶν
576 1008 630 1095 ιγ’,
659 1009 717 1075 καὶ
739 1009 777 1075 τδ
798 1008 910 1093 μεῖζον
932 1010 1049 1076 ποδῶν
1070 1008 1123 1091 ιε’,
1152 1009 1209 1076 καῖ
1231 1008 1250 1096 ἡ
1274 1008 1375 1093 βόοις
1397 1012 1511 1077 ποδῶν
1535 1012 1595 1093 ιδ’,

485 1112 543 1177 καὶ
565 1111 807 1199 ἒπιγεγρόιγθω
828 1112 958 1191 κύκλος·
983 1109 1087 1199 εὑρεῖν
1106 1108 1208 1178 αὑτοῦ
1221 1112 1279 1199 τήν
1294 1111 1480 1199 διάμετρον·
1504 1116 1598 1179 ποιῶ

485 1211 601 1293 οὕτως·
630 1215 771 1303 φανερὸν
798 1210 852 1280 ότι
880 1214 918 1280 τδ
945 1212 1092 1298 ἐμβαδὸν
1116 1221 1177 1281 τού
1202 1212 1363 1300 τριγώνου
1385 1213 1457 1281 ἐστὶ
1480 1216 1597 1280 ποδῶν

484 1316 558 1381 πδ’·
580 1318 685 1382 ταῦτα
707 1316 765 1381 ἐπὶ
788 1316 830 1380 τοὶ
854 1314 885 1380 δ’
909 1313 1056 1400 γίνονται
1078 1316 1183 1395 πόδες
1203 1314 1285 1395 τλς’·
1310 1310 1384 1401 δι’ρτι
1401 1314 1522 1395 ούνθες
1535 1317 1597 1395 τοῖς

484 1423 572 1505 τρεῖς
599 1418 743 1504 πλευροῖς
767 1420 826 1482 τοῦ
851 1414 1023 1504 τριγιύνου·
1054 1415 1198 1503 γίνονται
1227 1416 1333 1496 πόδες
1353 1415 1429 1502 μβ’·
1459 1417 1502 1482 τολ
1523 1414 1595 1498 τλς’
1618 1432 1634 1480 5

487 1518 535 1599 εἰς
556 1522 597 1586 τὰ
617 1519 679 1604 μβ’
702 1519 846 1605 γίνονται
868 1518 972 1597 πόδες
991 1518 1035 1606 η’·
1058 1514 1154 1585 ἔσται
1177 1514 1197 1606 ἡ
1215 1517 1390 1605 διάμετρος
1403 1520 1462 1585 τοῖν
1475 1518 1596 1585 κύκλου

487 1623 602 1689 ποδῶν
622 1621 661 1688 ν’.

319 1799 324 1805 ,
431 1734 472 1795 56
560 1719 673 1789 Ἔστω
705 1722 864 1809 τρίγωνον
895 1718 1085 1807 ὀξυγώνιον,
1120 1714 1159 1789 ού
1187 1722 1227 1788 τδ
1258 1720 1454 1809 μικρότερον
1482 1721 1598 1801 σκέλος

488 1827 603 1891 ποδῶν
630 1824 689 1911 ιγ’,
716 1826 773 1891 καὶ
801 1827 840 1890 τδ
866 1818 978 1909 μεῖζον
1005 1827 1119 1892 ποδῶν
1149 1825 1201 1906 ιε’,
1230 1828 1288 1892 καὶ
1316 1821 1335 1912 ἡ
1360 1823 1460 1909 βόσις
1481 1825 1600 1890 ποδῶν

489 1926 545 2007 ιδ’,
569 1927 626 1993 καὶ
649 1925 910 2015 περιγεγράφθω
932 1926 1063 2005 κύκλος·
1087 1924 1190 2012 εὑρεῖν
1212 1923 1312 1994 αὐτοῦ
1332 1926 1391 2013 τήν
1405 1923 1595 2011 διάμετρον·
1619 1943 1650 1992 10

487 2034 579 2094 ποιοῖ
608 2027 722 2107 οὕτως·
751 2030 790 2096 τὸ
819 2027 1014 2113 μικρότερον
1043 2028 1157 2108 σκέλος
1183 2027 1242 2095 ἐπὶ
1268 2029 1308 2095 τδ
1330 2027 1455 2111 μεῖζον,
1481 2027 1525 2092 τοὶ
1549 2025 1597 2112 ιγ’

487 2130 548 2197 ε’πὶ
569 2130 611 2196 τοὶ
634 2128 686 2208 ιε’,
711 2127 855 2214 γίνονται
877 2129 985 2209 πόδες
1005 2130 1086 2217 ρξε’·
1110 2127 1158 2209 εἰς
1181 2128 1239 2214 ιβ’
1262 2126 1406 2214 γίνονται
1429 2125 1534 2206 πόδες
1550 2125 1597 2209 ις’

489 2230 539 2298 δ”·
562 2231 726 2298 τοσούτων
747 2228 843 2298 ἔσται
864 2230 884 2321 ἡ
908 2231 1086 2317 διάμετρος
1107 2234 1165 2298 τοῦ
1187 2230 1316 2297 κύκλου.
1399 2260 1407 2267 ·

433 2343 473 2403 57
562 2329 673 2399 ’Έοτω
694 2332 852 2419 τρίγωνον
873 2331 1103 2419 ἀμβλυγώνιον
1123 2335 1181 2399 καὶ
1202 2332 1303 2415 ἐχέτω
1324 2333 1381 2419 τὴν
1401 2330 1482 2416 μίαν
1496 2333 1598 2397 πλευ·
1659 2391 1663 2394 .

487 2435 548 2522 ροἰν
569 2437 683 2501 ποδῶν
707 2436 732 2501 ι’
754 2437 813 2501 καὶ
834 2436 894 2524 τήν
915 2434 1015 2520 βόσιν
1036 2437 1150 2502 ποδῶν
1171 2433 1222 2517 θ’,
1245 2433 1303 2501 καὶ
1324 2434 1385 2522 τὴν
1403 2429 1597 2499 ὑποτείνου-
1620 2455 1652 2505 15

488 2561 549 2605 σαν
577 2538 693 2603 ποδῶν
721 2536 775 2617 ιζ’,
802 2537 860 2603 καὶ
888 2535 1110 2626 ἐγγεγράφθω
1131 2536 1264 2616 κύκλος·
1292 2532 1396 2623 εὑρεῖν
1418 2531 1518 2601 αύτοῦ
1539 2536 1598 2623 τήν

489 2637 679 2724 διάμετρον·
712 2640 801 2704 ποιῶ
830 2637 945 2718 οὕτως·
973 2638 1114 2728 φανερόν
1143 2637 1196 2705 ότι
1217 2640 1256 2706 τδ
1278 2637 1426 2723 ἐμβαδὸν
1447 2638 1505 2703 τοῦ
1527 2662 1597 2725 τρι-

488 2738 592 2825 γώνου
625 2739 695 2805 έστὶ
729 2742 842 2805 ποδῶν
871 2739 936 2819 λς’·
970 2742 1073 2806 ταῦτα
1101 2738 1160 2806 ε’πὶ
1186 2741 1229 2805 τοὶ
1257 2738 1290 2805 δ’
1319 2736 1464 2824 γίνονται
1491 2736 1598 2817 πόδες

487 2838 574 2928 ρμδ’·
596 2840 654 2906 καὶ
677 2840 798 2918 σύνθες
818 2839 878 2917 τοῖς
899 2844 986 2926 τρεῖς
1008 2841 1151 2928 πλευροῖς
1171 2843 1230 2908 τοῦ
1251 2840 1423 2929 τριγώνου·
1450 2838 1598 2925 γίνονται

489 2939 594 3021 πόδες
620 2940 683 3022 λς’·
713 2938 788 3029 δι’ρτι
818 2942 957 3026 μέρισον
977 2944 1042 3008 τῶν
1062 2942 1141 3029 ρμδ’
1162 2945 1202 3011 τὸ
1223 2943 1299 3024 λς’·
1327 2941 1471 3029 γίνονται
1492 2942 1599 3022 πόδες
1618 2966 1654 3016 νο

490 3043 534 3110 δ’·
557 3040 651 3111 έσται
675 3042 694 3132 ἦ
719 3043 894 3130 διάμετρος
913 3051 972 3111 τοῦ
992 3043 1261 3134 ἐπιγραφομένου
1282 3045 1402 3111 κύκλου
1425 3045 1539 3112 ποδῶν
1554 3045 1598 3112 δ’.

433 3161 473 3223 58
547 3142 674 3213 ’Ἔστω
700 3150 856 3234 τρίγωνον
883 3135 1110 3233 α’μβλογώνιον
1134 3149 1193 3215 καὶ
1220 3148 1318 3230 ἐχέτω
1343 3148 1383 3214 τό
1404 3147 1600 3235 μικρότερον

489 3246 602 3327 σκέλος
623 3251 741 3327 ποδῶν
764 3248 800 3329 ι’,
823 3249 880 3315 καὶ
901 3250 961 3337 τήν
982 3249 1084 3335 βόσιν
1106 3251 1220 3316 ποδῶν
1241 3250 1292 3329 θ’,
1314 3249 1372 3316 καὶ
1386 3251 1446 3338 τὴν
1459 3248 1598 3317 ὑποτεί-

488 3373 606 3416 νουσαν
627 3352 745 3417 ποδῶν
768 3350 822 3432 ιζ’,
845 3352 903 3417 καὶ
925 3352 1189 3442 περιγεγράφθω
1211 3352 1343 3432 κύκλος·
1374 3350 1476 3442 εὑρεῖν
1497 3350 1598 3419 αὑτοῦ

489 3452 546 3540 τήν
574 3451 764 3538 διάμετρον·
793 3455 883 3519 ποιῶ
910 3452 1026 3532 οὕτως·
1050 3456 1095 3521 τδ
1121 3453 1313 3544 μικρότερον
1341 3454 1456 3533 σκέλος
1477 3453 1536 3521 ἐπὶ
1558 3454 1598 3522 τὸ
1618 3478 1654 3529 25

489 3552 607 3634 μεῖζον,
630 3554 673 3618 τό
697 3553 724 3619 ι’
740 3553 798 3621 ἐπὶ
813 3556 854 3621 τοὶ
870 3554 924 3636 ιζ’,
941 3554 1088 3641 γίνονται
1102 3556 1208 3636 πόδες
1222 3556 1288 3645 ρο’·
1311 3558 1453 3647 φανερόν
1468 3554 1523 3625 ὅτι
1536 3555 1598 3622 κύ·

489 3659 591 3733 θετος
615 3657 673 3721 τοῦ
702 3655 860 3742 τριγώνου
888 3656 960 3723 ἐστὶ
989 3660 1105 3725 ποδῶν
1125 3657 1173 3743 η’·
1204 3656 1281 3749 δῖρτι
1301 3656 1473 3746 μερίζουσι
1494 3659 1534 3725 τδ
1556 3658 1598 3748 ιγ’

418 3781 423 3789 “
489 3756 555 3821 τῶν
587 3755 639 3840 ρο’
667 3754 813 3841 γίνονται
847 3756 952 3836 πόδες
980 3760 1036 3825 κα’
1065 3760 1119 3827 δ”·
1156 3758 1253 3828 ἔσται
1280 3760 1300 3850 ἡ
1330 3760 1508 3848 διάμετρος
1536 3763 1599 3828 τού

489 3856 609 3925 κύκλου
632 3861 748 3924 ποδῶν
768 3860 824 3925 κα’
847 3859 898 3927 δ”·.

434 3966 477 4027 59
563 3956 671 4027 ’Ἑστω
694 3960 820 4042 κύκλος,
845 3957 883 4030 ού
904 3960 924 4052 ἦ
949 3962 1129 4052 διάμετρος
1150 3967 1264 4032 ποδῶν
1287 3967 1344 4032 ιδ’·
1365 3961 1384 4054 ἦ
1409 3966 1446 4033 δέ
1460 3962 1599 4054 περίμε-
1620 3989 1654 4039 ³0

488 4086 564 4149 τρος
591 4059 807 4151 εὑρεθήσεται
835 4067 921 4132 κατὰ
947 4067 1006 4154 τήν
1027 4064 1165 4134 ἔκθεσιν
1187 4069 1303 4134 ποδῶν
1323 4068 1393 4153 μδ’·
1420 4069 1458 4135 τδ
1482 4068 1519 4134 δὲ
1540 4066 1598 4152 έμ-

489 4165 725 4251 βαδὸν...εόὶν
748 4166 785 4233 δέ
807 4167 912 4257 θέλῃς
936 4169 994 4257 τήν
1014 4168 1164 4252 μέθοδον
1184 4172 1242 4259 τῆς
1263 4168 1461 4259 περιμέτρου
1484 4167 1598 4260 εὑρεῖν,

490 4265 583 4334 ποίει
606 4266 722 4348 ούτως·
746 4268 890 4336 πόντοτε
911 4270 970 4358 τήν
993 4269 1171 4358 διάμετρον
1193 4270 1287 4339 ποίει
1308 4271 1370 4340 ε’πὶ
1390 4272 1433 4338 τοὶ
1454 4270 1521 4355 κβ’·
1545 4268 1598 4358 γί-

556 4510 580 4559 2.
599 4508 725 4561 ⁷10th
793 4507 817 4559 6.
831 4506 934 4560 ἕστωῦ
1004 4509 1028 4559 8.
1040 4504 1179 4578 μικρὸνῶ
1251 4510 1291 4562 10.
1303 4494 1530 4583 περιγρύφθωθ

509 4590 530 4641 λ.
549 4585 583 4639 τὰ
596 4586 637 4656 ιγ’
649 4589 697 4642 ἐπὶ
710 4605 757 4640 om.
772 4588 794 4639 G
882 4589 922 4639 13.
941 4591 1079 4641 τοσοῦτον
1091 4590 1160 4642 ἔστω
1173 4591 1196 4644 G
1279 4592 1318 4644 16.
1337 4588 1494 4661 ἔγγρόφθω
1506 4588 1530 4642 G

489 4672 529 4722 21.
549 4670 619 4721 ἔστω
633 4670 654 4720 G
725 4671 766 4719 22.
784 4667 887 4739 μικρὸν
900 4669 921 4719 G
993 4669 1033 4720 25.
1053 4672 1139 4722 ποιοῦ
1152 4671 1174 4723 G
1244 4674 1296 4737 λθ,
1304 4671 1374 4723 ἔστιν
1387 4673 1410 4725 G
