3925 5742
499 771 547 822 102
979 764 1123 820 HERONIS

457 959 470 996 ε
583 921 629 992 Τὸ
646 925 790 1005 ἰσοσκελὲς
806 925 937 1010 τρίγωνον
954 919 1109 992 διπλάσιον
1126 926 1188 992 ἔστι
1203 925 1256 992 τοῧ
1273 920 1446 1012 ὀρθογωνίου
1462 919 1610 1014 τριγώνου.

441 1037 481 1099 68
574 1028 708 1115 Ἕτερον
728 1027 907 1116 τραπέζιον
930 1023 1147 1114 ὀρθογώνιον,
1171 1021 1211 1096 οὗ
1232 1029 1271 1095 τὸ
1294 1028 1354 1113 μέν
1368 1030 1479 1113 μεῖζον
1493 1029 1611 1111 σκέλος

497 1128 649 1214 σχοινίων
673 1130 707 1212 ι’,
729 1131 768 1197 τὸ
793 1129 831 1196 δέ
851 1121 950 1218 ἧττον
972 1125 1126 1210 σχοινίων
1149 1128 1186 1212 ε’,
1209 1126 1229 1218 ἦ
1255 1129 1292 1197 δέ
1313 1132 1440 1221 κορυφή
1455 1132 1611 1216 σχοινίων
1641 1128 1643 1130 ’

498 1233 557 1319 ιβ’.
607 1229 710 1322 εὑρεῖν
742 1229 843 1299 αὐτοῦ
874 1233 913 1298 τὸ
945 1230 1108 1317 έμβαδόν·
1142 1231 1263 1310 σάνθες
1293 1233 1336 1298 τὸ
1369 1231 1449 1299 δέκα
1480 1234 1539 1302 καὶ
1565 1236 1609 1303 τά

497 1338 610 1404 πέντε·
634 1332 780 1423 γίνονται
803 1334 857 1401 ιε’·
881 1326 927 1400 ὦν
947 1335 986 1401 τὸ
1002 1332 1105 1422 ἥμισυ
1122 1330 1247 1419 γίνεται
1262 1330 1350 1399 ἑπτὸ
1364 1332 1482 1423 ἥμισυ·
1505 1338 1610 1403 ταῦτα
1627 1360 1642 1409 5

496 1438 557 1505 ἐπὶ
582 1440 625 1505 τά
652 1437 701 1523 ιβ’
727 1437 786 1523 τῆς
813 1438 957 1525 κορυφῆς
984 1433 1130 1521 γίνονται
1158 1433 1361 1523 ἐνενήκοντα·
1390 1437 1448 1503 καὶ
1474 1435 1609 1506 ἔστιτὸ

497 1539 644 1626 ἐμβαδὸν
670 1541 730 1607 τοῦ
757 1536 859 1604 αὐτοῦ
885 1537 1066 1625 τραπεζίου
1096 1535 1248 1620 σχοινίων
1269 1535 1474 1626 ἐνενήκοντα·
1503 1531 1549 1606 ών
1569 1541 1609 1609 τὸ

498 1639 601 1730 ἥμισυ
625 1638 750 1728 γίνεται
772 1638 838 1724 με’,
860 1639 919 1706 καὶ
941 1636 1014 1707 ἔστι
1036 1641 1093 1727 γῆς
1114 1637 1242 1725 μοδίων
1263 1639 1436 1707 τοσσάτιον.

441 1753 481 1813 69
586 1742 771 1830 Τραπέζιον
799 1739 1006 1832 ὀρθογώνιον
1032 1744 1070 1810 τὸ
1095 1739 1176 1809 αὐτὸ
1200 1741 1432 1829 διαιρούμενον
1455 1740 1503 1823 εἷς
1524 1743 1613 1835 τμη’-·

497 1870 587 1929 ματα
609 1844 670 1912 δύο
691 1840 790 1932 η’γουν
812 1842 859 1923 είς
883 1843 1226 1933 παραλληλόγραμμον
1248 1840 1455 1931 ὀρθογώνιον
1475 1847 1535 1913 καὶ
1560 1845 1656 1928 εἰςιν

497 1945 653 2036 τρίγωνον
675 1946 834 2030 σκαληνὸν
856 1944 1071 2033 ὀρθογώνιον.
1116 1943 1151 2012 αὶ
1174 1945 1235 2012 δύο
1256 1948 1320 2012 τῶν
1340 1948 1398 2014 τοῦ
1412 1946 1539 2036 μήκους
1551 1948 1609 2017 τοῦ

497 2045 836 2138 παραλληλογράμμου
859 2044 922 2115 άνὸ
943 2044 1098 2130 σχοινίων
1113 2045 1253 2126 δώδεκα,
1277 2043 1312 2113 αλ
1335 2047 1373 2114 δέ
1395 2046 1454 2124 δδο
1467 2054 1535 2116 τών
1548 2057 1609 2118 τοῦ

498 2148 644 2229 πλάτους
667 2146 730 2216 ὀνοὶ
753 2146 905 2233 σχοινίων
927 2148 965 2245 ε’.
999 2149 1041 2214 τά
1064 2148 1114 2235 ιβ’
1136 2151 1195 2238 τῆς
1215 2155 1297 2235 μιᾶς
1317 2151 1381 2215 τών
1401 2151 1461 2218 τοῦ
1481 2151 1609 2239 μήκους

498 2251 558 2320 ἒπὸ
578 2252 620 2318 τὸ
643 2250 671 2317 ε’
694 2254 752 2340 τῆς
773 2252 856 2336 μιᾶς
875 2256 942 2318 τῶν
962 2252 1020 2318 τοῦ
1035 2248 1183 2329 πλάτους
1203 2250 1541 2337 πολυπλασιαζόμενα
1555 2251 1608 2340 γί-

496 2377 606 2420 νονται
628 2351 801 2442 ἑξήκοντα·
824 2353 883 2420 καὶ
905 2352 978 2421 ἔστι
1000 2352 1039 2419 τὸ
1061 2351 1209 2438 ἐμβαδὸν
1229 2359 1290 2419 τοῦ
1312 2353 1606 2444 παραλληλογράμ-
1626 2371 1653 2420 15

497 2481 561 2539 μου
583 2455 736 2538 σχοινίων
757 2454 927 2544 ἑξήκοντα·
949 2454 1075 2522 τούτων
1094 2456 1134 2522 τὸ
1155 2451 1258 2542 ἥμισυ
1280 2453 1405 2540 γίνεται
1418 2454 1607 2544 τριάκοντα,

392 2583 394 2585 ’
458 2584 470 2620 ι
498 2556 556 2624 καὶ
578 2554 650 2624 ἔστι
673 2558 731 2646 γῆς
751 2554 877 2642 μοδίων
897 2555 1085 2646 τριάκοντα.
1129 2556 1149 2645 ἡ
1172 2557 1299 2646 κορυφή
1322 2557 1381 2623 τοῦ
1403 2553 1608 2646 ὀρθογωνίου

497 2658 659 2748 τριγώνου
681 2656 834 2743 σχοινίων
858 2658 914 2745 ιβ’,
936 2655 956 2748 ἡ
981 2660 1019 2726 δέ
1040 2659 1125 2748 πρὸς
1148 2655 1254 2748 ὀρθὸς
1277 2655 1378 2727 αὐτοῦ
1398 2654 1499 2748 ἤγουν
1512 2659 1607 2748 ἡκά-

497 2766 598 2840 θετος
619 2758 774 2843 σχοινίων
795 2759 832 2826 ε’.
876 2760 916 2827 τὸ
937 2759 1040 2848 ἥμισυ
1062 2762 1120 2849 τῆς
1141 2762 1286 2851 κορυφῆς
1307 2757 1406 2850 ἤγουν
1426 2762 1468 2840 τὸ
1490 2762 1523 2843 ς’
1542 2788 1606 2830 πο-

497 2861 789 2948 λυπλασιαζόμενα
816 2860 876 2929 έπλ
896 2863 939 2928 τὸ
960 2861 1058 2930 πέντε
1078 2864 1137 2951 τῆς
1158 2864 1245 2950 πρὸς
1268 2860 1373 2950 ὀρθάς
1395 2863 1542 2951 γίνονται
1563 2865 1606 2932 λ’·
1625 2880 1655 2930 20

497 2965 556 3033 καὶ
583 2963 656 3034 ἔστι
681 2967 720 3033 τὸ
746 2966 893 3053 έμβαὸὸν
920 2962 1021 3032 αότοῦ
1043 2962 1196 3049 σχοινίων
1217 2964 1259 3030 λ’·
1288 2957 1333 3032 ών
1354 2962 1456 3054 ἥμισυ
1479 2964 1609 3054 γίνεται

458 3092 470 3128 ³
499 3068 692 3151 δεκαπέντε,
716 3069 774 3136 καὶ
795 3065 868 3137 ἔστι
890 3074 948 3157 γῆς
970 3064 1097 3152 μοδίων
1118 3065 1304 3134 δεκαπέντε.
1349 3064 1440 3153 ὁμοῦ,
1454 3069 1512 3136 καί
1538 3068 1607 3136 πά-

496 3173 550 3239 λιν
582 3169 777 3259 ἀμφοτέρων
806 3171 872 3238 τῶν
903 3169 1082 3259 τμημάτων
1110 3169 1170 3236 τοῦ
1197 3193 1233 3234 τε
1261 3170 1607 3259 παραλληλογράμμου

496 3273 553 3340 καὶ
574 3276 633 3340 τοῦ
653 3272 810 3361 τριγώνου
832 3274 871 3340 τὸ
893 3269 1039 3358 ἐμβαδὸν
1060 3267 1214 3354 σχοινίων
1237 3270 1279 3357 tj'·
1302 3263 1348 3338 ὧν
1361 3270 1465 3361 ἥμισυ
1479 3270 1607 3360 γίνεται

495 3375 853 3464 τεσσαρακονταπέντε·
880 3374 940 3442 καὶ
961 3371 1054 3442 ἔστιν
1075 3372 1094 3441 ὸ
1114 3373 1223 3455 τόπος
1243 3377 1303 3444 τοῦ
1326 3370 1405 3442 ὅλου
1419 3375 1606 3464 Υτραπεζίου
1623 3399 1653 3448 25

475 3476 623 3564 ’μοδίων
644 3477 706 3563 με’.

457 3607 471 3646 ε
583 3580 629 3650 Τὸ
653 3579 957 3671 παραλληλόγραμμον
982 3578 1136 3650 διπλάσιόν
1160 3586 1223 3652 ἐστι
1245 3584 1298 3651 τοῦ
1320 3579 1465 3672 τριγώνου.
1491 3610 1500 3628 ·

441 3699 481 3760 70
573 3684 707 3774 Ἕτερον
727 3688 905 3774 τραπέζιον
926 3681 1142 3774 ὀρθογώνιον,
1166 3679 1206 3754 οὗ
1225 3689 1264 3757 τὸ
1287 3686 1347 3773 μέν
1368 3689 1480 3773 μεῖζον
1492 3688 1607 3769 σκέλος

497 3785 639 3876 ὀργυιῶν
659 3788 723 3871 κδ’,
745 3789 784 3857 τὸ
808 3789 845 3856 δὲ
865 3781 963 3876 ἧττον
985 3784 1126 3876 ὀργυιῶν
1149 3787 1289 3871 δώδεκα,
1310 3789 1330 3879 ἦ
1354 3789 1393 3856 δέ
1406 3791 1533 3879 κορυφὴ
1551 3788 1607 3879 ὀρ-

496 3898 598 3979 γυιῶν
624 3892 682 3960 λε’.
727 3888 829 3981 εὸρεῖν
856 3888 956 3958 αὐτοῦ
982 3890 1022 3957 τὸ
1049 3889 1210 3976 ἐμβαδὸν·
1239 3890 1358 3971 σάνθες
1383 3893 1444 3971 τάς
1469 3893 1526 3960 κδ’
1548 3894 1606 3962 καὶ
1626 3913 1657 3962 30

495 3994 556 4074 τὸς
584 3993 644 4079 ιβ’·
673 3991 819 4082 γίνονται
846 3990 908 4072 λς’·
937 3979 982 4057 ὧν
1010 3988 1112 4080 ἥμισυ
1141 3989 1265 4080 γίνεται
1289 3991 1347 4084 ιη’·
1374 4000 1480 4061 ταῦτα
1501 3997 1606 4064 πολυ-

496 4093 749 4180 πλασιαζδμενα
776 4094 836 4163 ε’πὸ
862 4095 922 4173 τὸς
953 4093 1002 4161 λε’
1027 4095 1087 4183 τῆς
1111 4100 1258 4185 κορυφῆς
1286 4093 1431 4182 γίνονται
1456 4094 1521 4180 χλ’·
1548 4099 1606 4167 καί

495 4194 567 4266 ἔστι
596 4198 638 4265 τὸ
664 4196 809 4284 ἐμβαδὸν
837 4197 897 4264 τοῦ
926 4191 1029 4262 αότοῢ
1054 4195 1233 4284 τραπεζίου
1261 4194 1403 4287 ὀργυιῶν
1424 4196 1606 4279 ἑξακοσίων

563 4426 624 4477 Cod.
638 4425 669 4492 Α,
682 4428 703 4479 D
716 4429 770 4480 des.
783 4445 822 4480 vs.
834 4430 857 4492 1,
872 4429 919 4478 inc.
934 4427 974 4477 28.

564 4507 588 4558 1.
605 4506 750 4576 τριγώνου]
764 4509 859 4562 A⁰vA
936 4509 961 4558 2.
980 4523 1034 4575 cap.
1050 4508 1081 4559 68
1094 4515 1121 4559 et
1133 4508 1165 4559 69
1177 4521 1224 4559 om.
1239 4508 1261 4558 D
1343 4509 1382 4560 12.
1396 4515 1423 4559 et
1436 4509 1476 4561 13.
1491 4507 1569 4578 σχοῐ’
1583 4511 1607 4564 Α
1687 4526 1689 4530 ”

564 4588 604 4638 29.
623 4586 695 4654 ιβἸ)
764 4590 805 4642 31.
825 4587 962 4641 πολυπλά
980 4585 1290 4655 Α,τιολυπλασιάσας1)
1359 4589 1400 4640 33.
1414 4585 1503 4657 χλἸ)
