3925 5742
366 865 372 876 ·
482 844 515 895 92
961 841 1106 894 HERONIS

483 1003 571 1067 σθαι
591 997 649 1064 καί
670 993 750 1081 μίαν
769 996 836 1063 τῶν
857 994 1050 1083 ὑιαγωνίων.
1087 994 1212 1064 τούτων
1226 988 1281 1064 οὑν
1295 994 1523 1084 ὑποκειμένων
1540 999 1592 1068 εὑ-

481 1103 548 1188 ρεῖν
577 1098 637 1188 χρῆ
662 1099 702 1165 τὸ
728 1095 875 1184 ἐμβαδὸν
901 1099 964 1167 ’τοῦ
993 1099 1208 1189 ρομβυειδοῦς
1234 1100 1606 1191 παραλληλογράμμου·

480 1201 579 1270 τοῦτο
607 1197 644 1268 δὲ
670 1197 827 1291 φανερόν,
853 1198 1008 1288 γεγόνασι
1030 1199 1092 1286 γάρ
1115 1199 1174 1268 ὑὺο
1195 1199 1337 1290 τρίγωνα
1358 1204 1503 1294 σκαληνὰ
1525 1202 1592 1291 άμ-

481 1300 646 1390 βλυγιάνια
666 1302 709 1370 τά
731 1302 948 1394 περιεχόμενα
967 1299 1039 1370 άπὸ
1059 1308 1118 1393 τῆς
1140 1302 1317 1390 διαγωνίου
1335 1305 1396 1372 Ικαὶ
1409 1305 1475 1374 τῶν
1489 1309 1590 1375 πλευ-

442 1436 455 1476 ε
481 1405 555 1493 ρῶν,
578 1397 625 1473 ὧν
646 1400 666 1493 ἦ
686 1403 841 1494 μέτρησις
861 1401 930 1488 ἔχει
951 1401 1066 1484 οὑτως.
1110 1401 1130 1494 ἦ
1152 1403 1274 1490 μείζων
1288 1407 1414 1498 πλευραὶ
1428 1406 1590 1490 ἓνὸςὺκά-
1612 1429 1627 1478 5

482 1529 562 1576 στου
588 1506 713 1575 τούτων
740 1504 893 1593 σχοινίων
919 1505 962 1588 ς’,
990 1504 1010 1595 ἦ
1040 1504 1077 1574 δὲ
1104 1503 1247 1574 ίλάττων
1268 1508 1423 1593 σχοινίων
1444 1510 1486 1594 δ’,
1509 1509 1530 1601 ὑ
1553 1511 1593 1580 ὑί

480 1609 702 1680 ὑποτείνουσα
727 1609 828 1698 βάσις
854 1605 1009 1690 σχοινίων
1036 1607 1081 1696 η’.
1120 1605 1223 1697 εὑρεῖν
1249 1611 1289 1679 τὺ
1312 1607 1471 1697 ἓμβαδόν·
1500 1617 1593 1683 ποιῶ

482 1709 600 1793 οὑτως·
631 1713 675 1781 τὰ
708 1711 741 1780 δ’
767 1713 828 1802 τῆς
856 1709 1031 1790 ἐλάττονος
1057 1710 1204 1798 πλευροῖς
1229 1708 1286 1802 ὑφ’
1315 1709 1417 1781 ἑαυτά
1445 1714 1592 1800 γίνονται

483 1813 538 1896 ις’·
560 1806 681 1882 καίτά
702 1813 738 1904 η’
758 1814 816 1904 τῆς
837 1811 967 1900 βάσεως
988 1809 1047 1903 ἐφ’
1068 1809 1170 1881 ἑαυτά
1192 1811 1339 1898 γίνονται
1358 1815 1418 1897 ξδ’·
1442 1813 1528 1902 ὑμοῦ
1541 1817 1592 1884 π’·

481 1913 518 1998 ἐξ
537 1908 583 1983 ὧν
604 1913 688 2005 αἴρω
709 1917 752 1984 τὰ
773 1915 805 1998 ς’
826 1915 887 2004 τῆς
905 1913 1058 2001 μείζονος
1080 1915 1224 2002 πλευράς
1243 1915 1399 2003 γινόμενα
1418 1916 1476 2009 ἐφ’
1489 1919 1593 1989 ἑαυτά
1613 1937 1643 1989 10

481 2018 543 2102 λς’·
565 2020 671 2088 λοιπά
692 2017 760 2106 μδ’·
783 2010 830 2086 οἷν
850 2014 953 2106 ἥμισυ
975 2016 1042 2104 κβ’·
1064 2017 1169 2085 ταῦτα
1188 2016 1312 2106 μερίζω
1334 2021 1427 2108 παρά
1446 2023 1488 2089 τά
1505 2019 1592 2092 σ’κτιὺ

480 2124 540 2211 τῆς
565 2122 709 2209 βάσεως·
738 2119 885 2209 γίνονται
911 2118 949 2205 β’
976 2125 998 2186 8
1020 2118 1071 2186 δ”·
1100 2117 1197 2187 ἔσται
1220 2114 1276 2188 οὑν
1297 2119 1318 2211 ἦ
1340 2125 1400 2190 τοῦ
1420 2121 1594 2207 ἐλάττονος

481 2223 652 2315 τμήματος
672 2222 773 2311 βάσις
794 2217 952 2306 σχοινίων
968 2221 1005 2308 β’
1026 2227 1047 2288 8
1069 2220 1121 2289 δ”.
1164 2227 1269 2290 ταῦτα
1291 2220 1347 2314 ἐφ’
1369 2221 1472 2294 ἑαυτά
1486 2226 1592 2314 γίνον-

480 2353 538 2395 ται
561 2326 590 2409 ζ’
611 2333 632 2394 S
654 2325 719 2409 ις’·
741 2326 845 2393 ταῦτα
867 2320 952 2413 αίρω
974 2318 1046 2392 άπὺ
1067 2331 1133 2391 τῶν
1154 2323 1213 2407 ις’·
1235 2326 1340 2394 λοιπά
1360 2325 1396 2417 η’
1411 2325 1453 2396 δ”
1467 2327 1512 2418 η’
1527 2316 1593 2412 ις’·

481 2421 528 2497 ὧν
552 2430 678 2518 πλευρά
702 2428 922 2516 τετραγωνικὴ
952 2426 988 2513 β’
1015 2425 1066 2493 ω’
1093 2425 1135 2495 δ”
1163 2425 1209 2508 ὑς
1236 2421 1403 2516 σύνεγγυς·
1427 2429 1593 2500 τοσούτων
1610 2450 1646 2501 15.

442 2564 456 2604 ε
483 2527 634 2616 σχοινίων
658 2529 859 2621 ἦκάβετος.
903 2528 1008 2596 πάλιν
1034 2535 1184 2598 συντιβῶ
1208 2531 1250 2598 τά
1276 2527 1362 2600 ὀκτώ
1382 2538 1441 2621 τῆς
1461 2531 1593 2620 βάσεως

482 2633 637 2722 γινόμενα
665 2628 723 2722 ἐφ’
751 2628 852 2701 ἑαυτά
881 2630 943 2714 ξδ’,
970 2632 1029 2699 καί
1056 2633 1098 2699 τά
1125 2630 1159 2714 ς’
1185 2635 1245 2724 τῆς
1269 2631 1420 2720 μείζονος
1447 2636 1593 2724 πλευρᾶς

484 2735 640 2824 γινόμενα
661 2730 719 2825 ἐφ’
740 2731 841 2803 ἑαυτά
862 2731 926 2816 λς’·
949 2731 1096 2820 γίνονται
1119 2730 1202 2822 ὑμοῦ
1223 2735 1268 2824 ρ’·
1291 2732 1352 2827 ὑφ’
1375 2729 1422 2805 οἷν
1443 2733 1529 2828 α’ίρω
1549 2740 1592 2806 τά

483 2837 517 2907 δ’
544 2840 603 2928 τῆς
630 2835 808 2918 ἐλάσσονος
832 2837 978 2924 πλευρᾶς
1010 2836 1165 2924 γινόμενα
1191 2835 1248 2929 ἐφ’
1275 2836 1376 2906 ἑαυτά
1399 2839 1456 2921 ις’
1473 2841 1592 2909 λοιπά

477 2939 555 3009 πά·
583 2934 628 3008 ὧν
652 2938 754 3030 ἥμισυ
780 2938 851 3026 μβ’·
876 2945 981 3006 ταῦτα
1007 2938 1129 3027 μερίζω
1157 2940 1251 3028 παρά
1271 2940 1315 3007 τά
1336 2937 1423 3008 ὑκτιὺ
1445 2942 1504 3032 τῆς
1524 2941 1589 3028 βά-
1610 2958 1642 3010 2⁰

482 3064 580 3125 σεως·
608 3042 754 3131 γίνονται
781 3040 810 3110 ε’
838 3039 890 3109 δ”·
916 3036 1012 3110 ἔσται
1039 3042 1098 3109 καί
1124 3037 1145 3131 ἦ
1173 3042 1231 3111 τοῦ
1252 3041 1403 3128 μείζονος
1422 3042 1593 3133 τμήματος

482 3146 582 3233 βάσις
603 3143 756 3231 σχοινίων
777 3143 804 3212 ε’
828 3142 879 3212 δ”.
922 3145 1027 3212 ταῦτα
1048 3138 1106 3234 ὑφ’
1128 3139 1230 3211 ἑαυτά
1252 3143 1399 3231 γίνονται
1419 3144 1473 3227 κζ’
1487 3151 1508 3212 8
1524 3143 1590 3226 κς”·

482 3249 586 3318 ταῦτα
608 3246 693 3339 αἴρω
714 3244 785 3316 άπὸ
805 3252 871 3314 τῶν
891 3246 953 3328 λς’·
975 3247 1083 3314 λοιπά
1098 3242 1185 3314 ὀκταί
1201 3244 1302 3336 ὑ”·η”
1317 3245 1383 3328 ις’·
1405 3239 1451 3315 ὧν
1464 3247 1592 3338 πλευρά

482 3352 702 3440 τετραγωνική
726 3345 772 3430 εὑς
791 3347 928 3437 Ιἔγγιστα
949 3346 985 3436 β’
1007 3347 1058 3416 ω’
1073 3346 1125 3417 δ”·
1147 3347 1313 3416 τοσούτων
1327 3349 1481 3431 σχοινίων
1494 3346 1515 3440 ἡ
1529 3349 1592 3418 κά-

485 3449 595 3532 θετος.
638 3452 680 3518 τὰ
707 3451 742 3538 β’
764 3449 814 3517 ω’
837 3448 878 3517 δ”
904 3450 964 3539 τῆς
989 3447 1136 3519 καθέτου
1163 3450 1503 3539 πολυπλασιαζόμενα
1530 3450 1593 3521 ἐπὶ
1611 3469 1642 3521 25

484 3554 524 3623 τὸ
550 3551 653 3643 ἥμισυ
678 3558 738 3642 τῆς
763 3550 906 3640 βάσεως,
933 3547 1033 3641 ἤγουν
1059 3550 1120 3620 ε’πί
1145 3553 1188 3619 τά
1217 3551 1260 3635 δ’,
1288 3552 1435 3639 γίνονται
1458 3553 1509 3622 ια’
1531 3552 1592 3622 ω’·

487 3658 544 3727 καί
572 3654 645 3726 ἔστι
670 3658 709 3724 τὰ
736 3656 883 3743 ἐμβαδὸν
908 3652 979 3735 ἓνὺς
1005 3652 1145 3724 ἑκάστου
1171 3654 1330 3744 τριγώνου
1358 3655 1513 3741 σχοινίων
1533 3681 1593 3726 το-

446 3786 459 3826 ι
486 3757 619 3829 σοὺτων.
664 3756 860 3848 ἀμφοτέρων
886 3757 924 3826 δὲ
948 3758 1014 3824 τῶν
1039 3756 1206 3848 τριγώνων
1231 3755 1310 3848 ἤτοι
1329 3759 1390 3826 τοὺ
1411 3755 1489 3826 ὅλου
1511 3765 1593 3848 ῥομ-

484 3861 638 3950 βοειδοῦς
669 3859 1012 3951 παραλληλογράμμου
1043 3861 1083 3930 τὸ
1108 3859 1256 3947 ἐμβαδὸν
1284 3858 1438 3945 σχοινίων
1462 3859 1516 3947 κγ’
1543 3859 1594 3948 γ’·

484 3958 529 4035 ὧν
556 3963 659 4057 ἥμισυ
688 3961 814 4051 γίνεται
840 3962 892 4032 ια’
921 3961 983 4044 ω’,
1011 3964 1070 4031 καί
1095 3958 1168 4032 ἔστι
1198 3963 1273 4052 [γῆς]
1301 3959 1429 4049 μοδίων
1456 3959 1507 4030 ια’
1533 3961 1593 4030 καὶ
1613 3980 1645 4031 3⁰

484 4069 603 4159 λιτρῶν
623 4065 686 4149 κς”
706 4065 766 4134 ω’.
1260 4065 1263 4070 ’

484 4293 685 4302 ..φ-..ιι-

553 4437 578 4488 2.
591 4436 666 4508 χρῆν
678 4438 699 4489 1)
767 4439 792 4490 3.
811 4434 863 4491 δύο
877 4455 925 4491 om.
939 4447 966 4492 et
977 4435 1006 4507 β’
1019 4448 1079 4509 post
1090 4436 1270 4511 άμβλυγοίνια
1282 4438 1337 4491 add.
1352 4437 1373 4488 D
1455 4437 1480 4489 5.
1494 4433 1593 4504 ἡρείυε

486 4517 570 4571 στιλλ
639 4515 806 4586 ἔχειῙὲκειΙ)
865 4520 905 4572 10.
924 4519 1028 4588 αἴρωΙ)
1082 4518 1211 4574 11.8”Ι)
1262 4517 1326 4588 ηἸ]
1379 4519 1419 4573 14.
1438 4518 1543 4589 αἵρωῐ)

488 4593 605 4663 16.ηἸ)
685 4594 815 4651 20.8”1)
883 4595 946 4666 ηἸ)
1020 4598 1143 4667 23.η’1)
1211 4598 1341 4654 26.S''1)
1410 4601 1593 4652 nantuato

453 4674 650 4738 ,ivandam
719 4675 849 4730 30.s''1)
916 4681 967 4749 γῆς
979 4681 1064 4733 ουκιλ
