3925 5742
951 1247 1006 1307 IX.

473 1420 631 1495 DIDYMI
655 1419 960 1533 ALEXANDRINI
982 1418 1215 1496 MENSURAE
1237 1418 1487 1495 MARMORUM

825 1557 879 1633 AO
901 1557 1135 1635 LIGNORUM.

726 1854 907 1952 Διδύμον
929 1854 1231 1962 Ἀλεξανδρέως

544 1987 673 2092 με’τρα
703 1987 920 2095 μαρμαίρων
951 1990 1019 2068 καὶ
1050 1990 1245 2068 παντοίων
1270 1984 1414 2095 ξύλων.

338 2164 340 2168 ”
393 2149 405 2207 1
514 2145 580 2233 Τῆς
600 2148 666 2208 τῶν
686 2141 867 2229 μαρμαίρων
886 2167 923 2207 τε
943 2143 1002 2209 καὶ
1024 2140 1128 2223 ξύλων
1148 2141 1335 2233 μετρήσεως
1354 2137 1536 2227 ἀναγκαίας
1555 2157 1567 2204 ο

426 2240 525 2333 οὔσης
556 2245 685 2334 πρῶτον
710 2241 919 2328 ὑποθέμενοι
947 2245 1006 2334 τήν
1032 2249 1098 2310 τῶν
1125 2246 1239 2334 πηχῶν
1268 2244 1436 2334 διαφορὰν
1463 2239 1536 2331 ἑξῆς

425 2346 484 2412 καὶ
509 2347 567 2435 τήν
596 2345 751 2437 μέτρησιν
784 2342 890 2413 αὐτῶν
917 2343 1138 2432 ὑποτάξομεν·
1172 2347 1215 2412 τὰ
1243 2345 1303 2433 γὰρ
1331 2348 1536 2433 γεγραμμένα

423 2444 502 2537 ήμῖν
529 2445 597 2516 εἴτε
618 2445 677 2517 ἐπὶ
698 2452 826 2539 πηχῶν,
856 2446 925 2518 εἴτε
945 2449 1007 2518 ἐπὶ
1029 2451 1152 2532 ποδῶν,
1177 2446 1246 2517 εἴτε
1267 2448 1326 2516 καὶ
1348 2445 1395 2517 δι’
1418 2446 1537 2535 ἑτέρων

424 2549 561 2640 μέτρων,
588 2553 707 2641 τριχῶς
733 2557 855 2620 νοεῖται
877 2553 963 2620 κατὰ
985 2553 1024 2621 τδ
1047 2550 1286 2639 εὐθυμετρικδν
1307 2549 1366 2618 καὶ
1388 2550 1536 2636 ἐμβαδο-

424 2653 580 2740 μετρικῶν
605 2654 663 2720 καὶ
690 2655 967 2742 στερεομετρικόν.
1013 2653 1251 2744 εὖθυμετρικδν
1276 2653 1336 2739 μὲν
1363 2644 1420 2721 οὖν
1446 2651 1536 2721 ἐστιν
1557 2665 1585 2712 1⁰

426 2749 465 2824 οὗ
486 2757 525 2824 τὸ
551 2757 655 2844 μῆκος
675 2756 775 2842 μόνον
795 2760 905 2847 ψιλῶς
925 2764 1107 2847 μετρεῖται,
1135 2761 1240 2847 μῆκος
1262 2754 1324 2844 γάρ
1346 2752 1453 2824 ἔστιν·
1480 2755 1536 2840 ἒμ·

425 2859 665 2947 βαδομετρικδν
687 2860 783 2928 δὲτὸ
805 2859 874 2929 δπό
896 2887 932 2927 τε
953 2860 1078 2952 μήκους
1099 2859 1157 2927 καὶ
1172 2858 1328 2942 πλάτους,
1350 2857 1536 2946 ἐπιφάνεια

426 2960 485 3048 γάρ
509 2960 613 3028 ἔστιν·
636 2952 918 3050 Ίιστἐρευμετρικδν
935 2963 973 3032 δὲ
986 2965 1025 3030 τδ
1041 2959 1109 3029 ὑπό
1124 2987 1160 3029 τε
1173 2961 1299 3051 μήκους
1313 2961 1371 3027 καὶ
1386 2959 1537 3039 πλάτους

425 3063 482 3130 καὶ
504 3062 644 3149 βάθους,
666 3064 850 3154 ἐπιφάνεια
872 3065 932 3151 γαρ
947 3064 1071 3131 τούτων
1090 3062 1196 3131 ἐστίν·
1218 3064 1276 3130 καὶ
1291 3063 1352 3149 γὰρ
1367 3062 1481 3130 πάντα
1495 3062 1537 3128 τὰ

425 3167 546 3251 κυβικά
569 3165 693 3253 στερεά,
716 3167 758 3232 τοὶ
779 3168 817 3233 δὲ
831 3166 946 3252 στερεοὶ
962 3163 1021 3249 οὐχ
1036 3164 1081 3245 ῶς
1094 3169 1136 3232 τοὶ
1152 3164 1428 3252 ἐμβαδομετρικά.
1458 3164 1535 3231 τού·
1558 3174 1584 3222 15

425 3293 489 3335 των
512 3266 549 3334 δὲ
571 3265 674 3347 οὕτως
695 3267 834 3350 ἑχόντων
856 3268 915 3336 ἐπὶ
936 3270 995 3358 τήν
1017 3267 1236 3336 διδασκαλίαν
1255 3267 1313 3334 καὶ
1328 3262 1537 3334 ἀκολουθίαν

425 3378 484 3459 τῆς
504 3369 691 3458 μετρήσεως
711 3373 775 3436 τῶν
795 3371 975 3461 μαρμάρων
997 3370 1054 3438 καὶ
1076 3369 1179 3453 ξύλων
1200 3369 1257 3437 καί
1279 3371 1409 3437 λοιπῶν
1424 3368 1537 3438 ἐλθεῖν

426 3470 610 3560 α’ναγκαῖον.

495 3684 518 3735 3.
538 3679 767 3754 ἀλεξανδρείωςΒ
819 3683 843 3731 4.
856 3681 952 3749 μέτρα]
965 3678 1036 3749 μετὰ
1049 3678 1107 3744 ΜΟ,
1122 3679 1166 3730 sed
1178 3680 1199 3730 0
1212 3680 1237 3728 iu
1249 3692 1328 3741 marg.
1343 3675 1414 3744 ‘lego
1425 3673 1535 3746 μέτρω,

427 3766 492 3834 περὶ
504 3768 523 3817 Β
603 3766 628 3815 5.
646 3781 675 3816 τε
687 3764 733 3814 καὶ
746 3778 793 3813 om.
807 3761 834 3812 M
902 3761 926 3810 6.
945 3762 1044 3828 πηχῶν
1055 3759 1124 3810 ΒΜΟ
1137 3766 1163 3809 et
1174 3759 1215 3808 hio
1227 3766 1253 3810 et
1265 3758 1340 3823 infru,
1354 3755 1469 3826 πήχεων
1481 3758 1536 3821 λΙιι,1

427 3849 517 3916 ubique
531 3847 588 3910 (nou
600 3853 660 3913 puto
673 3845 707 3909 Ν)
794 3845 817 3894 7.
836 3838 1053 3911 ὑποτάξωμενθ
1135 3840 1161 3892 8.
1180 3834 1355 3908 δ’ἑτέρωνΒ
1443 3839 1468 3890 9.
1486 3840 1535 3909 μέ-

427 3928 646 4001 τρωνήμερῶνθ
729 3926 769 3976 10.
788 3917 1021 3993 στερεωμετρικόν
1033 3921 1081 3973 ΜΟ
1153 3919 1191 3970 11.
1209 3920 1374 3989 μετρῆταιΒ
1447 3921 1487 3972 12.
1506 3936 1534 3972 τε

428 4027 475 4062 om.
489 4010 516 4061 M
594 4009 634 4059 13.
653 4003 881 4078 στερεομετρικόν
893 4020 970 4071 usque
984 4004 1016 4054 ad
1028 3996 1131 4053 τούτοιν
1144 3999 1221 4053 ἐστίν
1233 4017 1281 4052 om.
1294 4002 1325 4065 B3
1339 4001 1430 4052 eodem
1442 4002 1500 4052 loco
1513 4002 1533 4052 0

427 4092 534 4156 semel,
552 4089 577 4140 Μ
594 4091 642 4141 bis
658 4088 734 4140 habet
745 4089 818 4138 haec:
841 4081 1074 4153 στερεωμετρικὸν
1086 4081 1116 4134 δὲ
1129 4079 1160 4133 τὸ
1174 4077 1231 4132 ὑπό
1244 4097 1272 4133 τε
1283 4077 1391 4148 μήκους
1402 4082 1450 4133 καὶ
1463 4077 1533 4132 πλά-

427 4190 501 4236 τους,
520 4167 673 4241 ἒπιιράνεια
688 4165 743 4239 γάρ
761 4168 837 4220 ἐστιν
854 4165 926 4231 (ἔστι
939 4166 987 4230 0);
1005 4181 1034 4215 eu
1053 4181 1115 4232 quae
1129 4180 1205 4231 supra
1218 4163 1375 4215 exhibuimus
1387 4162 1468 4212 edidit
1481 4162 1534 4214 Mai

497 4254 536 4303 16.
555 4252 741 4305 ἀκολουθείαν
752 4252 780 4314 Β,
793 4243 956 4304 ἀκολούθως
967 4246 1004 4311 Ν,
1018 4242 1172 4298 ἀκολουλου
1184 4262 1240 4297 oum
1252 4259 1381 4312 suprascr.
1397 4239 1432 4295 θ’
1446 4243 1466 4293 0
