3925 5742
904 824 1110 879 GEOMETRIA.
1529 829 1562 878 73

446 982 534 1066 βαλι
554 981 597 1048 τὸ
618 978 660 1048 θ’
681 981 741 1070 τῆς
762 980 893 1066 βσίσεως
914 981 1070 1070 γενόμενα
1091 977 1150 1069 ίφ’
1173 976 1275 1047 ἑαυτὸ
1298 979 1367 1058 μα’,
1390 980 1449 1048 καί
1469 980 1511 1048 τδ
1535 980 1562 1048 ι’

447 1084 509 1173 τῆς
536 1080 700 1170 δμβλιίας
726 1085 872 1172 πλευρᾶς
897 1083 1056 1171 γενόμενα
1085 1079 1141 1171 ἐφ’
1163 1081 1266 1150 ἑαυτὸ
1292 1082 1334 1172 ρ’·
1359 1079 1447 1167 δμοῦ
1467 1081 1561 1170 ροντ’·

448 1181 561 1254 λοιπὸ
587 1183 653 1274 ρη’·
682 1175 728 1251 ὧν
754 1185 793 1252 τὸ
819 1183 923 1276 ἥμισυ
950 1184 1076 1272 γίνεται
1103 1183 1164 1252 νδ’·
1190 1186 1295 1252 ταῦτα
1315 1182 1449 1274 μίρισον
1469 1187 1564 1273 παρὸ

449 1287 494 1356 τὸ
521 1286 564 1356 θ’
589 1295 648 1376 τῆς
674 1286 816 1374 βύσεως·
844 1285 989 1376 γίνονται
1015 1288 1058 1370 ς’·
1087 1288 1253 1358 τοσούτων
1274 1286 1346 1356 ἐστὶ
1368 1284 1562 1374 σχοινίωνῆ

412 1388 667 1479 εδνβληθεῒσα.
688 1416 691 1421 ·
709 1390 769 1456 καί
795 1387 922 1477 ἐγίνετο
949 1390 1006 1457 *τὸ
1033 1385 1070 1457 ὸν
1091 1388 1248 1481 τρίγωνον
1269 1389 1308 1458 τὸ
1330 1384 1561 1478 ίαιβληθίνῆ
1589 1412 1602 1450 ε

450 1491 555 1578 βάσις
579 1490 735 1574 σχοινίων
762 1491 803 1574 ς’,
835 1489 856 1582 ἦ
886 1493 925 1561 δὲ
953 1491 1095 1581 ἀμβλεῖα
1122 1491 1275 1576 σχοινίων
1303 1491 1340 1576 ι’,
1366 1489 1387 1582 ἡ
1415 1491 1454 1558 δὲ
1479 1491 1565 1579 πρὸς

451 1590 565 1684 ὀρθὸς
590 1591 745 1678 σχοινίων
769 1594 813 1684 η’.
863 1591 967 1687 εὸρεῖν
997 1597 1037 1665 τὸ
1064 1595 1212 1683 ίμβαδὸν
1236 1601 1296 1664 τοῦ
1321 1593 1566 1684 ίτιιβληθίντσς

450 1693 628 1784 τριγώνου·
649 1691 747 1764 ποίει
766 1693 883 1778 σύτως·
905 1699 949 1766 τὸ
970 1698 1003 1781 ς’
1024 1700 1084 1789 τῆς
1103 1694 1348 1787 ἐπιβληθείσης
1362 1696 1491 1782 βάσεως
1505 1696 1565 1764 ἐντί

451 1800 495 1866 τὸ
524 1795 613 1868 δκταὸ
637 1805 696 1888 τῆς
722 1800 809 1888 πρὸς
831 1799 939 1889 ὀρθὸς
962 1801 1107 1889 γίνονται
1128 1799 1197 1890 μη’·
1226 1791 1271 1866 τὸν
1292 1799 1331 1868 τὸ
1353 1795 1457 1888 ἥμισυ
1480 1796 1565 1885 γίνε·

404 1920 432 1970 ιο
452 1927 512 1970 ται
542 1901 609 1969 κδ’·
635 1902 803 1971 τοσούτων
828 1899 925 1972 ἔσται
952 1903 1107 1989 σχοινίων
1127 1903 1166 1971 τὸ
1187 1899 1333 1990 ἐμβαδὸν
1355 1897 1464 1969 αὐτοῦ.
1507 1903 1564 1970 τοῦ
1590 1927 1604 1966 ι

453 2005 493 2074 δύ
521 2000 597 2073 ὅλου
624 2004 781 2095 τριγώνων
802 2007 843 2075 τὸ
863 2005 1013 2093 ίμβαδὸν
1034 2004 1153 2096 εὑρεῖν·
1184 2004 1305 2084 σύνθες
1325 2003 1368 2071 τὸ
1391 2001 1566 2092 προϋπαρ-

450 2131 552 2193 χοντα
581 2105 624 2174 θ’
656 2108 714 2197 τῆς
740 2107 871 2196 βάσεως
896 2108 955 2176 καί
982 2111 1024 2177 τὸ
1052 2107 1325 2198 τταρτκβληθέντα
1351 2105 1394 2189 ς’·
1421 2104 1565 2194 γίνονται

454 2209 512 2278 ιε’·
542 2211 648 2278 ταῦτα
675 2210 952 2282 πολυωλασίασον
980 2213 1041 2282 ἐστὶ
1066 2210 1108 2278 τὰ
1135 2208 1221 2278 δκτοὸ
1248 2211 1308 2299 τῆς
1334 2209 1419 2298 πρὸς
1440 2204 1564 2296 ύρθοίς·

454 2310 601 2399 γίνονται
622 2311 685 2401 ρκ’·
707 2305 753 2380 ὦν
772 2315 813 2383 τὸ
833 2314 936 2405 ἥμισυ
956 2315 1082 2405 γίνεται
1097 2311 1268 2403 ἑξήκοντα·
1291 2311 1457 2381 τοσούτων
1471 2307 1566 2379 ἔσται

406 2439 433 2488 ιο
453 2411 611 2498 σχοινίων
629 2414 669 2482 τὸ
691 2414 837 2502 ίμβαδὸν
856 2427 918 2488 τοῦ
940 2416 1019 2487 ὅλου
1041 2415 1210 2506 τριγώνου.

539 2513 617 2584 Ἐ’ὸν
638 2517 676 2586 δὲ
696 2518 801 2608 θέλῃς
823 2522 1012 2590 διαστείλαι
1033 2521 1091 2589 καί
1114 2521 1234 2606 γνῶναι
1256 2516 1353 2599 ίδίως
1367 2519 1429 2585 τοῦ
1442 2543 1478 2585 τε
1492 2515 1566 2602 μεί-
1593 2540 1606 2581 ε

454 2621 551 2704 ζονσς
571 2619 630 2688 καί
650 2623 711 2688 τοῦ
730 2620 903 2706 ίλοίττσνος
921 2623 1092 2714 τμήματος
1112 2623 1151 2690 τὸ
1166 2620 1323 2708 ίμβαδόν,
1338 2618 1432 2690 ποίει
1448 2618 1565 2701 οὕτως·

452 2723 498 2790 τὸ
520 2720 558 2805 ς’
569 2723 629 2812 τῆς
642 2723 932 2816 παρεκβληθείυης
946 2723 1083 2806 εύθείας
1104 2724 1165 2793 ε’ττὶ
1178 2725 1220 2791 τὸ
1236 2721 1322 2792 ὀκτώ
1336 2731 1396 2814 τῆς
1411 2725 1497 2811 πρὸς
1512 2720 1568 2812 δρ-

454 2826 528 2905 θδς
542 2824 687 2913 γίνονται
702 2826 773 2916 μη’·
795 2819 842 2895 ὦν
855 2830 896 2896 τὸ
911 2826 1015 2917 ἥμισυ
1031 2828 1095 2896 κδ’·
1118 2826 1285 2897 τοσούτων
1303 2824 1398 2896 ἔσται
1415 2823 1569 2911 σχοινίων

407 2948 434 2998 to
454 2929 496 2996 τὸ
519 2926 665 3014 ίμβαδὸν
684 2929 745 2996 τού
765 2927 902 3018 ἥττονος
922 2930 1094 3020 τμήματος
1114 2939 1175 2998 τοῦ
1195 2927 1363 3018 τριγώνου.
1393 2931 1493 3018 δῆλον
1507 2928 1568 3015 γὸρ

455 3027 512 3097 ὅτι
537 3030 579 3097 τὸ
603 3027 916 3117 ύττολιμντανύμὸνον
944 3030 1016 3101 ἀπὸ
1043 3033 1103 3100 τοῦ
1131 3031 1207 3101 ὅλου
1233 3029 1394 3122 τριγώνου
1415 3034 1476 3100 τοῦ
1498 3028 1568 3098 ἀπὸ

454 3133 524 3199 τῶν
544 3128 703 3222 ἑξήκοντα
724 3132 878 3217 σχοινίων
899 3130 995 3204 ἔσται
1015 3142 1077 3205 τοῦ
1089 3134 1240 3222 μείζονος
1253 3133 1438 3223 τμήματος·
1463 3128 1569 3202 ὸίστι

456 3233 613 3318 σχοινίων
633 3234 695 3317 λς’.
1138 3312 1140 3316 Α

541 3333 669 3422 ’Ἄλλως
694 3337 743 3421 είς
768 3343 808 3410 τὸ
836 3339 916 3410 αύτὸ
937 3338 1096 3429 τρίγωνον
1117 3335 1354 3428 ἀμβλυγώνιον.
1392 3340 1568 3407 πολυωλα-
1583 3343 1624 3406 33

409 3461 436 3510 ω
458 3439 568 3523 σιδζω
588 3442 631 3509 τὸ
653 3442 698 3524 ιζ’
719 3440 776 3534 ἐφ’
798 3440 915 3511 ἓαυτιί·
938 3442 1089 3531 γίνονται
1107 3441 1203 3512 σωθ’·
1226 3436 1298 3510 σίνιὸ
1319 3440 1445 3511 τούτων
1465 3439 1570 3533 ὸφαι-

458 3550 508 3633 ρῶ
533 3544 575 3611 τὸ
604 3543 630 3612 ι’
657 3541 715 3635 ἐφ’
745 3543 847 3614 ἑαυτὰ
875 3547 1032 3634 γενόμενα
1059 3546 1102 3635 ρ’·
1131 3546 1236 3615 λοιπὰ
1263 3545 1363 3637 ρωθ’·
1384 3553 1489 3614 ταῦτα
1510 3572 1570 3631 με·

458 3642 542 3734 ρίζω
562 3645 624 3716 §aa
645 3648 688 3714 τὸ
707 3648 749 3718 θ’
762 3651 821 3738 τῆς
835 3649 980 3736 βάσεως·
996 3649 1144 3738 γίνονται
1158 3649 1227 3716 κα’·
1247 3647 1378 3730 τούτοις
1392 3655 1571 3739 προστιθῶ

458 3748 504 3816 τὸ
529 3747 571 3816 θ’
598 3755 658 3840 τῆς
683 3750 827 3835 βάσεως·
855 3749 1003 3845 γίνονται
1028 3752 1069 3820 λ’·
1096 3744 1140 3819 ὧν
1164 3752 1205 3820 τὸ
1230 3750 1333 3842 ἥμισυ
1360 3750 1488 3839 γίνεται
1516 3752 1570 3819 ιε’·

459 3849 533 3920 σίττὸ
559 3852 684 3920 τούτων
709 3851 843 3942 ύφαιρῶ
866 3854 908 3922 τὸ
930 3853 971 3921 θ’
992 3855 1052 3944 τῆς
1073 3853 1218 3941 βάσεως·
1239 3855 1346 3923 λοιωὸ
1366 3853 1410 3938 ς’·
1432 3848 1569 3943 δ’σταιῆ

410 3970 438 4020 το
460 3950 759 4046 σίπσλαμβανομίνρ
782 3952 853 4026 διεδ
875 3957 934 4046 τῆς
954 3955 1101 4026 καθέτου
1123 3955 1278 4041 σχοινίων
1299 3956 1341 4038 ς’.
1384 3963 1489 4024 ταῦτα
1504 3980 1569 4024 πο·
1597 3985 1609 4022 ε

457 4056 678 4139 λυπίασισίζω
705 4056 761 4149 ἐφ’
788 4058 905 4128 ἑαυτσί·
935 4058 1080 4149 γίνονται
1107 4059 1168 4143 λς’·
1196 4061 1254 4128 καί
1276 4061 1318 4128 τὸ
1341 4057 1368 4128 ι’
1389 4055 1448 4149 ἐφ’
1470 4055 1571 4126 ἑαυτὸ

515 4256 762 4330 1.τὸιρτίσε]τὸ1)
814 4262 838 4312 3.
851 4256 977 4331 δ”γιἸλ
1030 4261 1190 4333 μέρησσνῦ
1241 4258 1440 4313 modom)
1492 4256 1572 4329 Ί.γι’

460 4352 520 4396 anto
534 4346 671 4412 σχοινίων
681 4343 773 4396 adm)
858 4341 1080 4411 ἔπιβληθένταῠ
1166 4344 1189 4395 8.
1209 4338 1503 4408 ἔπιβληθείσηςσω.1)

461 4423 569 4490 {MD
638 4421 763 4496 §wo
834 4426 873 4478 13.
893 4422 1061 4495 πρὸςοω,Ι)
1132 4425 1171 4476 14.
1189 4421 1221 4476 τὸ
1233 4419 1269 4475 δ”
1284 4420 1451 4483 ξ’Βοσιίσεσ
1463 4424 1569 4490 γίνεται

513 4506 689 4562 {autumn
743 4505 941 4559 17.τσῦωε.1)
991 4507 1029 4558 18.
1042 4501 1106 4571 η’ί)
1152 4500 1571 4577 21.τοῦρστῐτριγώνουοω.ὓ

513 4589 556 4640 22.
573 4584 635 4648 fl)
687 4590 730 4644 24.
748 4589 884 4647 cleoml)
935 4589 977 4640 27.
991 4585 1101 4646 τούτοις
1110 4587 1194 4640 υσεδ
1247 4587 1434 4657 προστίθεςΙ)
1486 4584 1571 4638 ‘M‘

461 4671 591 4723 Domino
603 4674 711 4740 γίνεται
