3925 5742
823 787 1012 838 νυιυνιυυ
1399 811 1469 853 m„

454 941 506 1006 10.
542 936 603 1004 Καί
627 934 730 1018 παντός
753 934 858 1005 κύκλου
882 934 900 1025 ῆ
922 939 1087 1026 περίμετρος
1103 939 1153 1024 τῆς
1170 940 1325 1027 διαμέτρου
1340 939 1469 1025 τριπλαί-

358 1040 423 1125 σιός
446 1047 510 1110 ἔστι
532 1041 581 1110 καί
605 1045 773 1132 ἔφέβδομος.
818 1046 903 1111 Vide
926 1046 1001 1112 ibid.
1026 1070 1057 1133 p.
1074 1047 1187 1130 46,2l.

453 1151 546 1231 Quae
561 1160 729 1238 praeterea
745 1152 829 1239 apud
845 1152 967 1218 Maium
983 1154 1135 1239 leguntur
1151 1153 1325 1241 (ΙΙ-23),
1341 1177 1380 1220 ea
1396 1165 1470 1221 sunt

358 1258 536 1323 Variarum
560 1258 787 1323 collectionum
811 1260 916 1347 capita
939 1261 1092 1326 39-49.
1137 1259 1334 1325 Adnotanda
1361 1271 1468 1327 autem

359 1366 415 1430 hie
437 1364 567 1429 videtur
589 1364 680 1429 varia
705 1365 826 1430 codicis
849 1365 882 1430 N
906 1365 1064 1452 scriptura
1088 1366 1264 1431 seeundum
1285 1367 1421 1453 paginas
1437 1378 1471 1447 et

360 1493 478 1536 versus
501 1492 593 1535 meae
617 1471 776 1536 editionis.
966 1518 968 1520 -

451 1576 490 1642 P.
504 1577 580 1658 264,
589 1576 641 1640 26.
666 1571 839 1658 ἰσοπλεύρου
862 1574 998 1661 τριγώνου
1023 1572 1196 1662 όρθογωνίου
1219 1578 1262 1662 Ν,
1286 1587 1322 1644 ut
1343 1577 1412 1645 BF.

452 1682 489 1749 P.
502 1683 616 1766 265,2.
640 1682 788 1770 ίδιοποιία]
812 1682 953 1748 εἶδοποιία
975 1683 1009 1748 N
1032 1683 1178 1749 similiter
1194 1685 1277 1750 aeB
1299 1722 1344 1732 -
1367 1685 1397 1751 3.
1420 1681 1469 1749 καί

361 1799 438 1857 ante
469 1783 599 1874 ἑτερότης
628 1789 777 1876 idemque
807 1797 881 1853 ante
911 1793 1042 1853 καλεῖται
1072 1789 1143 1854 add.
1172 1790 1204 1855 N
1233 1827 1276 1838 —
1306 1791 1335 1856 7.
1361 1784 1468 1878 αὐτοῖς]

362 1889 445 1978 αὐτῷ
467 1895 501 1960 Ν
523 1933 568 1942 -
593 1896 643 1959 11.
662 1897 797 1960 πυθανῶν
813 1897 883 1958 Μαί
905 1932 949 1942 -
975 1896 1026 1960 12.
1043 1889 1077 1959 τό
1100 1893 1359 1984 περιφερόγραμμα
1374 1897 1416 1981 Ν,
1433 1906 1470 1964 ut

361 2000 391 2067 B
418 2012 450 2067 et
472 2001 501 2066 F
523 2025 571 2088 pr.
585 2025 640 2086 m.;
671 2010 814 2066 ceterum
836 2001 917 2066 haee
941 2004 1012 2065 Mat
1034 2024 1100 2066 non
1122 2001 1291 2088 distinguit
1313 2027 1332 2069 a
1354 2003 1468 2090 priori-

361 2109 424 2173 bus
454 2145 491 2154 -
518 2108 568 2170 13.
584 2101 687 2184 κύκλος
709 2104 771 2184 ἶσος
795 2101 857 2169 ἐστὶ
879 2106 912 2171 Ν
934 2144 979 2152 --
1007 2107 1054 2172 14.
1071 2105 1113 2195 ἐκ]
1138 2103 1217 2186 ἐκτός
1232 2109 1276 2192 Ν,
1299 2117 1335 2175 ut
1350 2109 1409 2174 BF
1425 2147 1467 2158 -

364 2206 517 2277 15.th
601 2206 676 2297 μεταί
761 2205 1468 2301 περίμετρος....τῆβαίσειοίυΜυο’-20.ότε

361 2319 407 2403 Ν,
430 2327 466 2384 ut
489 2317 518 2382 F
543 2357 584 2367 -
610 2313 772 2404 ἀμφότερον
796 2318 828 2383 Ν
1454 2342 1455 2346 ’

452 2425 489 2490 Ρ.
503 2422 578 2509 266,
587 2427 617 2490 3.
642 2423 696 2512 τῷ]
720 2419 754 2487 τδ
778 2424 820 2506 Ν,
844 2434 880 2490 ut
896 2424 955 2489 BF
978 2463 1021 2471 -
1046 2424 1077 2490 ὃ.
1093 2435 1167 2512 post
1184 2419 1317 2512 ἰσότητος
1333 2428 1468 2495 lacunae

360 2542 475 2598 notam
498 2531 590 2618 ponit
612 2534 683 2595 Mat
706 2569 750 2578 —-
774 2532 804 2594 6.
822 2524 870 2595 διδ
895 2526 998 2609 παντός
1021 2524 1039 2614 ῆ
1063 2526 1142 2612 τριδς
1167 2527 1240 2619 αύτῆ
1263 2533 1385 2615 πέφυκεν
1406 2559 1468 2600 om.

360 2639 396 2704 N
424 2677 471 2686 -
500 2640 529 2703 8.
547 2631 773 2720 τετραπλεύρων,
804 2636 866 2721 ἑξῆς
896 2630 1039 2724 αἷπαίντων]
1068 2633 1116 2701 καί
1145 2634 1362 2723 τετραπλεύρων
1385 2642 1415 2725 ἐξ
1438 2634 1469 2726 ῆς

361 2734 480 2809 όίπαντα
503 2743 536 2808 Ν
564 2781 608 2790 -
635 2745 665 2807 9.
682 2740 798 2830 πέρατι]
823 2739 904 2825 παραὶ
926 2737 953 2806 τί
976 2742 1010 2808 Ν
1032 2781 1076 2791 -
1099 2754 1172 2830 post
1195 2739 1309 2831 αἷπειρίομ
1333 2749 1469 2814 lacunae

360 2860 475 2916 notam
506 2849 603 2914 habet
632 2852 702 2913 Mai
737 2886 772 2895 —
805 2851 856 2913 12.
874 2836 929 2911 όσα
960 2846 990 2910 δὲ
1021 2842 1192 2934 ἀσύμμετρα
1222 2873 1283 2915 om.
1308 2851 1341 2916 Ν
1348 2878 1356 2936 3
1384 2853 1469 2918 idem

360 2981 422 3045 pro
453 2941 549 3039 α’λογοί
578 2953 633 3018 εἰσι
662 2954 761 3019 habet
792 2937 885 3037 όλογα
913 2948 962 3017 καί
987 2938 1099 3038 όρρητα
1123 2955 1250 3039 λέγεται·
1280 2953 1394 3028 sinidi
1427 2998 1468 3010 -α

364 3065 417 3129 13.
441 3055 488 3126 Τό
523 3054 608 3146 ῥητόν
636 3061 757 3147 μέγεθος
785 3056 833 3124 καί
864 3045 967 3145 όλογον
996 3060 1028 3125 Ν
1056 3100 1100 3110 -
1131 3063 1182 3128 14.
1204 3058 1335 3149 νοούμενα
1364 3065 1397 3131 Ν
1425 3088 1500 3113 -·

361 3163 567 3253 συγκρινόμενα
590 3167 639 3250 Ν,
669 3177 706 3232 ut
728 3166 787 3231 BF
815 3206 859 3214 -
891 3167 940 3232 16.
957 3176 1031 3254 post
1058 3166 1172 3250 λέγεται
1195 3169 1228 3234 Ν
1257 3169 1329 3236 add.
1359 3160 1414 3235 όσα
1438 3175 1469 3234 δὲ

361 3270 502 3359 οἷλλῆλοις
540 3269 721 3360 οἷσύμμετρα,
760 3271 854 3337 ταῦτα
892 3257 986 3357 σίλογα
1024 3267 1094 3356 πρδς
1130 3261 1246 3358 α’ίλληλα
1280 3276 1393 3358 λέγεται
1426 3315 1470 3325 -

363 3383 417 3446 18.
435 3378 609 3466 συμμετρίαν
632 3379 674 3461 Ν,
698 3389 734 3444 ut
756 3383 810 3444 Da
832 3417 877 3426 -
900 3379 954 3444 20.
971 3405 1002 3442 τε
1027 3403 1089 3444 om.
1112 3379 1160 3465 N3
1190 3403 1209 3444 a
1232 3374 1327 3446 Φύσει
1350 3406 1469 3448 novum

362 3496 462 3574 eaput
485 3485 598 3573 incipit
621 3489 693 3550 Mat
720 3523 760 3533 —
792 3487 845 3552 22.
861 3485 966 3571 με’τρου
989 3485 1022 3551 Ν
1045 3525 1086 3534 -
1112 3488 1165 3552 26.
1182 3481 1331 3577 ἠλέγχθη]
1357 3489 1469 3575 ἐλέχθη

358 3593 405 3676 Ν,
429 3603 466 3658 ut
488 3596 551 3658 Da.

453 3699 492 3764 P.
504 3699 617 3780 267,3.
641 3699 691 3783 τῆς
720 3697 955 3783 τετραγωνικῆς
979 3698 1103 3782 πλευραῖς
1126 3699 1159 3765 Ν
1188 3739 1225 3763 ’-,
1247 3701 1279 3767 5.
1296 3687 1353 3791 ode]
1379 3687 1416 3766 ad
1437 3703 1471 3768 N

359 3846 407 3854 -
431 3800 496 3890 6.ῆ
519 3801 641 3894 πλευραὶ]
666 3804 703 3896 τῆ
728 3804 839 3891 πλευρᾷ
861 3805 903 3888 Ν,
927 3814 963 3871 ut
986 3805 1112 3870 ΒΝ-
1135 3806 1165 3872 7.
1182 3805 1327 3872 τουτέστιν
1351 3801 1472 3896 αἷλόγου]

360 3911 502 3976 τουτέστὶ
532 3908 620 3995 λόγου
652 3912 700 3995 Ν,
735 3922 772 3976 ut
804 3912 863 3977 BF
897 3949 941 3958 -
976 3914 1006 3977 9.
1033 3906 1172 4000 μοναίδων]
1207 3913 1325 4000 μερίδων
1359 3914 1392 3980 Ν
1428 3954 1469 3967 -

364 4020 415 4084 10.
433 4012 521 4106 αὐτῆ]
546 4011 632 4102 αὐτῆς
651 4017 693 4098 Ν,
717 4027 753 4083 ut
769 4018 827 4083 BF
842 4021 895 4081 Da
917 4053 959 4066 -α
989 4019 1039 4083 11.
1057 4014 1162 4105 τούτῳ]
1179 4014 1285 4084 τούτων
1301 4021 1344 4103 Ν,
1361 4030 1396 4085 ut
1410 4021 1470 4085 ΒΝ

361 4161 404 4172 -
433 4125 485 4190 13.
501 4119 550 4188 καί
572 4117 610 4188 ταί
634 4118 742 4212 τούτῳ]
766 4118 842 4188 nard
865 4118 973 4187 τούτων
997 4123 1045 4207 Ν,
1069 4133 1105 4189 ut
1127 4123 1156 4187 B
1180 4133 1212 4190 et
1234 4125 1352 4210 partim
1375 4125 1404 4190 Ν
1426 4165 1471 4174 -

361 4223 408 4316 δ’]
432 4226 464 4291 δὲ
488 4228 521 4293 Ν
551 4267 595 4276 -
627 4231 676 4293 14.
704 4228 745 4312 τῷ
769 4223 828 4293 dut
850 4221 939 4313 ῥητῆς
961 4222 1052 4316 κύβῳ]
1078 4222 1110 4292 τό
1134 4222 1194 4292 dno*
1217 4222 1305 4314 ῥητῆς
1327 4225 1469 4315 κύβηςΝ

362 4334 455 4422 peius
487 4334 583 4400 etiam
613 4358 710 4421 quam
740 4335 799 4399 ΒΝ
822 4373 865 4382 -
891 4336 940 4401 15.
962 4334 1004 4419 τῷ
1034 4329 1093 4399 dni
1119 4329 1208 4419 ῥητῆς
1231 4331 1412 4422 τετραγώνῳ]
1438 4335 1471 4402 τό

364 4434 424 4504 όπό
453 4433 542 4525 ῥητῆς
572 4435 660 4524 κόβης
689 4437 860 4524 τετρόγωνον
888 4441 939 4526 Ν,
969 4451 1005 4507 ut
1033 4441 1102 4525 BF,
1131 4441 1194 4507 nisi
1224 4442 1311 4528 quod
1340 4442 1471 4532 insuper

363 4546 462 4612 habet
484 4547 713 4634 interpolatum
735 4544 824 4631 κύβης
848 4586 891 4619 ,-
917 4550 967 4612 16.
982 4541 1059 4637 ῥητῆ
1080 4542 1272 4637 ἀσύμμετρον]
1289 4541 1376 4635 ῥητὴν
1393 4545 1471 4616 αἶπο-
