3925 5742
496 774 544 825 102
976 767 1120 823 fflfflole

455 962 467 999 ε
580 924 626 995 T&
642 928 787 1008 ἰσοσκελὲς
803 928 934 1013 τρίγωνον
952 922 1107 994 διπλάσιόν
1123 929 1185 995 ἔστι
1200 929 1254 995 τοῦ
1270 923 1444 1016 ὀρθογωνίου
1459 923 1607 1018 τριγώνου.

439 1041 478 1102 68
571 1030 704 1119 Ἕτερον
725 1029 904 1121 τραπέζιον
926 1026 1145 1119 ὀρθογώνιον,
1169 1024 1208 1099 οὗ
1229 1032 1269 1100 τδ
1291 1031 1351 1116 μέν
1365 1032 1477 1117 μεῖζον
1490 1032 1608 1115 σκέλος

494 1131 646 1217 σχοινίων
670 1132 704 1215 ι’,
727 1135 765 1201 τό
790 1131 828 1200 δέ
848 1124 947 1222 ἧττον
969 1129 1124 1214 σχοινίων
1146 1131 1184 1216 ε’,
1207 1129 1227 1221 ἡ
1252 1132 1290 1200 δὲ
1311 1136 1437 1224 κορυφή
1453 1136 1608 1219 σχοινίων

495 1236 554 1323 ιβ’.
604 1232 707 1326 εὑρεῖν
739 1232 840 1303 αότοῦ
871 1236 910 1301 τδ
942 1232 1105 1319 έμβαδόν·
1139 1234 1260 1314 σάνθες
1290 1236 1333 1301 τά
1367 1235 1446 1302 δέκα
1478 1238 1536 1305 καὶ
1563 1239 1607 1306 τά

495 1340 607 1407 πέντε·
631 1334 776 1425 γίνονται
799 1336 854 1404 ιε’·
878 1329 924 1403 ών
945 1338 984 1404 τό
999 1335 1102 1425 ἥμισυ
1119 1333 1245 1421 γίνεται
1259 1332 1347 1402 έπτδι
1361 1335 1479 1426 ἥμισυ·
1502 1340 1606 1406 ταῦτα
1625 1364 1640 1413 5

494 1441 554 1507 ἐπὶ
579 1442 622 1506 τά
649 1439 698 1525 ιβ’
724 1440 783 1528 τῆς
810 1440 954 1529 κορυφῆς
981 1434 1128 1524 γίνονται
1155 1436 1359 1526 ἐνενήκοντα·
1388 1439 1446 1506 καὶ
1471 1438 1606 1510 ἕστι-τό

494 1541 641 1629 ἐμβαδὸν
667 1543 726 1610 τοῦ
754 1539 856 1607 αὐτοῦ
881 1538 1063 1628 τραπεζίου
1093 1538 1246 1622 σχοινίων
1267 1538 1472 1629 ἐνενήκοντα·
1500 1535 1546 1609 ών
1565 1545 1606 1612 τδ

496 1642 598 1733 ἥμισυ
622 1640 747 1730 γίνεται
769 1641 835 1727 με’,
857 1642 916 1710 καὶ
938 1639 1012 1710 ἔστι
1033 1642 1091 1731 γῆς
1111 1639 1240 1726 μοδίων
1260 1641 1434 1711 τοσούτων.

438 1755 478 1816 69
584 1744 768 1832 Τραπέζισν
796 1742 1003 1836 ὀρθογώνιον
1029 1747 1068 1813 τδ
1093 1742 1173 1811 αότό
1198 1744 1430 1833 διαιρούμενον
1452 1742 1500 1827 εἰς
1521 1747 1610 1838 τμή-·

494 1872 584 1931 ματα
607 1847 668 1914 δόο
689 1842 788 1934 η’γουν
809 1845 857 1926 εἰς
880 1846 1224 1935 παραλληλόγραμμον
1246 1843 1452 1933 ὀρθογώνιον
1473 1850 1532 1916 καὶ
1557 1849 1606 1932 εἰς
1625 1871 1656 1922 10

494 1947 650 2039 τρίγωνον
672 1949 831 2032 σκαληνδν
853 1946 1068 2035 ὀρθογώνιον.
1113 1945 1149 2014 αἱ
1172 1946 1233 2015 δόσ
1254 1950 1396 2016 τῶντοῦ
1409 1949 1606 2037 μήκουςτοῦ

494 2048 834 2141 παραλληλογράμμων
856 2046 919 2117 άνδ
941 2046 1096 2132 σχοινίων
1111 2047 1250 2129 δώδεκα,
1274 2046 1310 2116 αἱ
1332 2050 1371 2117 δέ
1393 2050 1452 2126 δόο
1465 2058 1531 2119 τών
1544 2059 1606 2121 τοῦ

376 2140 383 2152 ’
495 2150 642 2233 πλάτους
664 2148 727 2219 άνδι
750 2148 902 2235 σχοινίων
925 2150 963 2218 ε’.
996 2151 1039 2217 τά
1062 2150 1112 2238 ιβ’
1133 2153 1193 2240 τῆς
1213 2159 1294 2237 μιᾶς
1314 2153 1379 2217 τῶν
1399 2154 1458 2221 τοῦ
1479 2153 1606 2243 μήκους

495 2254 555 2323 έπὶ
575 2255 617 2322 τά
640 2252 669 2321 ε’
691 2256 750 2342 τῆς
771 2254 853 2339 μιᾶς
873 2244 939 2321 τών
960 2254 1018 2321 τοῦ
1033 2250 1181 2330 πλάτους
1200 2252 1537 2339 πολυπλασιαζδμενα
1552 2253 1605 2343 γί-

493 2380 603 2423 νονται
625 2353 798 2445 ἑξήκοντα·
821 2356 880 2423 καὶ
903 2354 976 2423 ἔστι
998 2356 1037 2422 τδ
1058 2354 1206 2441 έμβαδδν
1227 2361 1288 2421 τοῦ
1309 2355 1604 2446 παραλληλογράμ·
1624 2373 1655 2423 15

494 2483 558 2542 μου
580 2458 733 2541 σχοινίων
754 2456 925 2547 ἑξήκοντα·
947 2458 1072 2524 τούτων
1091 2457 1132 2525 τδ
1152 2453 1255 2545 ἥμισυ
1277 2454 1403 2543 γίνεται
1416 2456 1605 2547 τριάκοντα,

456 2587 467 2622 ι
496 2559 553 2626 καὶ
575 2556 648 2627 ἔστι
670 2560 728 2648 γῆς
748 2556 874 2644 μοδίων
894 2557 1082 2649 τριάκοντα.
1126 2557 1147 2647 ἡ
1169 2559 1297 2649 κορυφὴ
1319 2559 1378 2626 τοῦ
1401 2556 1605 2649 ὀρθογωνίου

495 2660 656 2749 τριγώνου
678 2658 831 2744 σχοινίων
855 2659 911 2748 ιβ’,
933 2657 953 2750 ἡ
979 2662 1016 2729 δέ
1037 2661 1123 2750 πρδς
1145 2657 1252 2750 ὀρθάς
1274 2657 1376 2728 αότοῧ
1396 2656 1495 2751 ἤγουν
1509 2661 1529 2752 ἡ
1544 2664 1605 2731 κά-

494 2770 595 2841 θετος
616 2761 772 2845 σχοινίων
793 2761 830 2829 ε’.
874 2763 913 2829 τδ
935 2761 1038 2851 ἥμισυ
1059 2764 1118 2851 τῆς
1138 2764 1285 2853 κορυφῆς
1305 2758 1404 2853 ἤγουν
1424 2765 1465 2842 τδι
1487 2764 1520 2846 ς’
1539 2790 1604 2833 πο-

495 2863 786 2948 λυπλασιαζόμενα
813 2862 874 2931 ἐπὶ
894 2864 936 2930 τά
958 2862 1055 2932 πέντε
1076 2867 1135 2954 τῆς
1156 2866 1243 2954 πρδς
1265 2862 1372 2953 ὀρθάς
1393 2864 1539 2953 γίνονται
1560 2867 1603 2935 λ’·
1623 2883 1656 2934 20

495 2967 552 3035 καὶ
580 2964 653 3035 ἔστι
678 2969 718 3035 τδ
744 2967 891 3054 ἐμβαδὸν
918 2963 1019 3035 αότοῧ
1040 2964 1194 3051 σχοινίων
1215 2965 1256 3032 λ’·
1285 2959 1331 3034 ών
1351 2964 1454 3057 ἥμισυ
1476 2966 1605 3057 γίνεται

455 3094 467 3132 ³
497 3070 690 3154 δεκαπέντε,
713 3071 771 3138 καὶ
793 3066 865 3139 ἔστι
888 3075 946 3160 γῆς
967 3066 1095 3154 μοδίων
1117 3067 1302 3136 δεκαπέντε.
1347 3066 1437 3155 ὁμοῦ,
1451 3071 1510 3138 καὶ
1535 3071 1605 3139 πά-

494 3177 547 3242 λιν
579 3172 774 3262 άμφοτέρων
804 3173 870 3240 τών
901 3170 1080 3262 τμημάτων
1108 3170 1167 3238 τοῦ
1194 3194 1231 3237 τε
1258 3172 1604 3260 παραλληλογράμμου

493 3276 630 3344 καὶτοῦ
651 3274 808 3366 τριγώνου
830 3276 869 3342 τδ
890 3272 1037 3362 ὀμβαδδν
1058 3269 1212 3357 σχοινίων
1235 3271 1277 3359 β’·
1299 3265 1345 3340 ών
1359 3272 1463 3362 ἥμισυ
1476 3272 1604 3363 γίνεται

493 3377 850 3466 τεσσαρακονταπέντε·
878 3377 937 3445 καὶ
959 3373 1052 3444 ἔστιν
1073 3375 1091 3444 ὁ
1112 3375 1220 3458 τόπος
1240 3379 1300 3445 τοῦ
1323 3372 1403 3444 ὀλου
1417 3376 1604 3467 τραπεζίου
1621 3402 1654 3452 25

473 3479 621 3567 ’μοδίων
641 3480 704 3566 με’.

454 3610 468 3649 ι
581 3582 627 3653 Τδ
651 3580 955 3673 παραλληλόγραμμον
980 3580 1134 3652 διπλάσών
1157 3588 1220 3653 ἐστι
1243 3586 1296 3653 τοδ
1317 3582 1463 3673 τριγώνου.
1488 3612 1497 3630 ·

439 3702 479 3762 70
570 3686 704 3778 Ἕτερον
725 3688 903 3776 τραπέζιον
924 3682 1140 3776 ὀρθογώνιον,
1164 3681 1203 3756 οὗ
1223 3690 1262 3758 ιδ
1284 3687 1345 3775 μέν
1365 3691 1477 3774 μεῖζον
1489 3690 1606 3772 σκέλος

494 3788 636 3878 ὀργυιῶν
657 3790 720 3872 κδ’,
742 3790 781 3858 τδ
806 3789 843 3857 δὲ
862 3782 961 3878 ἧττον
984 3784 1124 3877 ὀργυιών
1146 3788 1286 3873 δώδεκα,
1307 3790 1327 3880 ἡ
1351 3791 1390 3859 δὲ
1404 3794 1531 3882 κορυφή
1548 3790 1605 3881 ὀρ-

494 3899 596 3981 γυιών
622 3893 680 3962 λε’.
725 3889 827 3983 εόρεῖν
854 3888 954 3959 αὐτοῦ
980 3890 1019 3958 τδ
1047 3889 1207 3979 έμβαδόν·
1236 3891 1356 3974 σάνθες
1380 3894 1442 3975 τάς
1467 3894 1523 3963 κδ’
1545 3897 1605 3965 καί
1624 3916 1657 3966 30

493 3995 553 4075 τὰς
581 3994 642 4080 ιβ’·
671 3991 816 4081 γίνονται
843 3991 906 4073 λς’·
934 3980 979 4058 ὧν
1007 3990 1110 4082 ἥμισυ
1138 3993 1262 4081 γίνεται
1286 3992 1344 4085 ιη’·
1371 4002 1477 4063 ταῦτα
1499 3999 1604 4065 πολυ-

494 4096 746 4183 πλασιαζόμενα
773 4096 834 4165 ἐπὶ
860 4095 920 4174 τάς
950 4094 999 4162 λε’
1026 4096 1084 4184 τῆς
1109 4101 1256 4186 κορυφῆς
1284 4095 1429 4184 γίνονται
1454 4096 1519 4181 χλ’·
1544 4101 1604 4169 καὶ

493 4196 565 4267 ἔστι
594 4199 637 4267 τδ
662 4198 806 4286 έμβαδδν
835 4199 895 4266 τοῦ
924 4192 1027 4264 αὐτοῦ
1052 4196 1230 4284 τραπεζίου
1258 4195 1401 4289 ὀργυιών
1421 4197 1604 4281 ἑξακοσίων

561 4428 621 4480 Cod.
635 4426 666 4495 Α,
680 4428 701 4479 D
714 4430 767 4481 des.
781 4446 819 4481 vs.
832 4431 855 4494 1,
869 4430 916 4479 inc.
932 4428 971 4479 28.

562 4510 585 4561 1.
602 4507 748 4580 τριγώνου]
762 4510 857 4563 A⁰vA
934 4509 958 4559 2.
977 4523 1032 4576 ευρ.
1047 4509 1079 4559 68
1091 4516 1119 4559 et
1130 4509 1162 4560 69
1175 4522 1221 4560 om.
1236 4508 1258 4557 Ι)
1340 4510 1379 4561 12.
1393 4518 1421 4560 et
1434 4510 1472 4562 13.
1488 4507 1565 4579 σχσῑ’
1579 4512 1603 4565 Α
1690 4529 1692 4532 ·

561 4591 601 4642 29.
621 4588 693 4658 ιβἸ)
762 4592 803 4643 31.
822 4588 959 4643 πολυπλά
978 4586 1288 4656 Α,πολυνιλασιάσας1)
1356 4590 1397 4641 ³3.
1411 4588 1499 4659 χλ’Ῑ)
