3925 5742
513 830 545 880 30
1011 825 1156 877 molus

445 1027 505 1088 106
561 1014 624 1103 ρδ’.
673 1017 768 1083 Τίνα
788 1041 866 1082 των
886 1013 1096 1104 σχημάτων
1117 1009 1208 1080 οῗίτε
1229 1011 1458 1098 πυραμίδες
1480 1008 1573 1082 οὔτε

951 1114 1185 1203 Ιπρίσματα,·

598 1215 685 1288 Οῗίτε
705 1221 744 1288 δέ
764 1218 950 1305 πυραμίδες
970 1214 1046 1284 οὔτε
1066 1215 1241 1303 πρίσματά
1263 1213 1331 1283 εἰσι
1345 1217 1388 1282 τά
1403 1213 1476 1284 άπὸ
1493 1216 1624 1302 βάσεως

512 1317 746 1409 εὐθυγράμμου
767 1318 843 1388 κατ’
866 1319 1102 1406 εὐθύγραμμον
1122 1318 1281 1386 σάνθεσιν
1295 1318 1381 1404 πρδς
1395 1316 1532 1386 εόθεῖαν
1547 1343 1625 1388 συν-

513 1422 672 1490 άπτοντα.
939 1431 942 1434 ’
1643 1447 1657 1494 5

446 1587 506 1647 107
583 1578 637 1667 ρέ.
686 1577 785 1646 Τίνα
806 1574 1315 1666 έστὶπαραλληλόγραμμα
1336 1573 1562 1663 πρίσματος

603 1683 676 1746 Τῶν
711 1681 749 1748 δέ
784 1677 984 1770 πρισμάτων
1019 1678 1341 1768 παραλληλόπλευρα
1375 1681 1528 1747 καλεῖται
1561 1678 1626 1748 ὅσα

514 1781 656 1871 ἓξάεδρα
677 1782 754 1852 ὀντα
775 1785 818 1850 τά
839 1780 999 1850 ἀπέναντι
1023 1780 1172 1849 ἐπίπεδα
1193 1780 1387 1870 παράλληλα
1408 1777 1488 1865 ἔχει.

447 1961 507 2024 108
710 1953 767 2042 ρς(
816 1951 917 2020 Τίνα
937 1953 985 2021 τά
1007 1949 1429 2041 λπαραλληλεπίπεδας

597 2054 800 2144 Παράλληλα
822 2056 861 2122 δὲ
882 2052 1032 2122 ἐπίπεδά
1055 2052 1140 2123 εἰσιν
1161 2051 1226 2121 ὅσα
1247 2053 1472 2140 ἐκβαλλόμενα
1486 2052 1526 2122 οό
1539 2077 1623 2140 συμ-
1643 2077 1670 2126 11

516 2156 639 2223 πίπτει
659 2153 827 2245 άλλήλοις·
854 2153 876 2245 ἢ
897 2156 931 2223 ἒν
953 2149 1005 2236 οἷς
1025 2154 1108 2225 ἴσων
1128 2155 1295 2244 τριγώνων
1315 2160 1414 2224 τινῶν
1436 2159 1626 2249 γραφέντων

515 2256 636 2348 ἑκάστη
658 2260 783 2346 πλευρὰ
805 2257 1017 2347 παράλληλός
1038 2258 1137 2326 ἐστιν.

448 2427 537 2508 1ο9’
738 2431 812 2521 ρζῖ,
846 2427 916 2510 Τίς
937 2427 957 2520 ἡ
980 2431 1020 2498 ἐν
1043 2434 1191 2522 στερεά
1212 2432 1403 2515 κάθετος,·

601 2532 758 2612 Κάθετος
787 2531 825 2599 δὲ
854 2531 889 2599 ἓν
914 2534 1038 2621 στερεῷ
1064 2532 1194 2620 λέγεται
1223 2531 1243 2624 η
1272 2530 1343 2603 άπό
1370 2533 1536 2624 μετεώρου
1564 2543 1625 2625 σγ·

514 2634 609 2722 μείου
637 2636 723 2723 πρὸς
744 2632 908 2701 ἐπίπεδον
929 2631 1066 2723 η’γμένη,
1093 2634 1168 2723 ἥτις
1189 2636 1319 2717 πάσαις
1331 2641 1405 2716 ταῖς
1419 2633 1624 2722 ἁπτομέναις
1647 2656 1673 2704 15

517 2735 618 2828 αὐτῆς
638 2736 673 2804 έν
693 2744 742 2824 τῷ
763 2735 919 2824 ἐπιπέδῳ
941 2737 1029 2824 πρός
1051 2733 1158 2825 ὀρθάς
1178 2737 1277 2806 ε’στιν.

434 2884 510 2978 '110
546 2907 606 2998 ρη.’
653 2904 822 2975 Τίνατά
844 2908 1235 2998 παραλληλάπλευρα
1258 2906 1488 2998 ὀρθογώνια
1509 2909 1600 2997 πρί-

594 3007 596 3010 ’
660 3026 662 3029 ’
727 3032 873 3095 σματα,
896 3007 985 3077 τίνα
1007 3009 1050 3078 δέ
1073 3008 1142 3078 οόκ
1165 3007 1414 3100 ὀρθογώνιος

605 3118 679 3176 Τῶν
702 3111 740 3178 δέ
763 3112 1105 3202 παραλληλοπλεύρων
1127 3115 1323 3200 πρισμάτων
1345 3111 1367 3182 ά
1388 3113 1448 3201 μέν
1468 3113 1554 3184 εἰσιν
1569 3112 1628 3206 ὀρ-

445 3265 454 3280 .
516 3213 683 3301 θογώνια,
712 3208 734 3278 ὀί
762 3212 799 3280 δὲ
827 3210 886 3281 οόκ
914 3210 1116 3302 ὀρθογώνια.
1161 3211 1354 3303 ὀρθογώνια
1379 3217 1439 3301 μὲν
1462 3211 1519 3285 οὖν
1541 3215 1627 3286 εἶσιν
1646 3241 1675 3290 11

514 3317 579 3384 ὀσα
598 3312 740 3404 ίὲκάστη
760 3323 825 3381 τῶν
840 3313 1054 3404 ὀρθογωνίων
1067 3314 1137 3385 ὀπό
1151 3326 1251 3405 τριῶν
1265 3325 1393 3406 γωνιῶν
1407 3320 1625 3410 περιεχομένη

516 3418 584 3503 ἔχει
599 3419 780 3506 γραμμήνί·
809 3414 868 3484 οόκ
890 3415 1084 3506 ὀρθογώνια
1106 3420 1206 3486 δὲτὰ
1227 3421 1273 3509 μὴ
1297 3417 1400 3500 οὕτως
1420 3417 1546 3503 ἔχοντα.

450 3591 506 3650 111
854 3571 922 3657 ρθ’.
971 3571 1021 3637 Τί
1041 3570 1129 3638 ε’στι
1150 3569 1288 3659 κάβοςς
1329 3596 1331 3599 ·

602 3671 717 3759 Κύβος
743 3674 781 3739 δέ
807 3672 880 3739 ἐστι
906 3681 972 3775 τῶν
999 3674 1343 3764 παραλληλοπλείρων
1370 3671 1582 3762 ὀρθογωνίων
1606 3674 1628 3744 ὀ

517 3773 713 3864 προείρηται
735 3776 852 3863 σχῆμα.
1484 3784 1486 3788 ‘
1646 3792 1675 3842 15

517 3957 718 3964 ..ι-...ᾑ-

584 4061 610 4110 4.
628 4053 838 4130 εὐθυγράμμων
853 4058 892 4109 δα
992 4057 1016 4109 6.
1036 4060 1109 4127 Τίνα
1125 4059 1191 4122 κτλ]
1209 4059 1265 4111 τῶν
1277 4056 1309 4111 δὲ
1321 4057 1627 4132 παραλληλογράμμων

516 4136 685 4212 πρισμάτων
697 4141 717 4192 F
787 4139 811 4190 8.
830 4131 906 4202 ὄντα]
919 4137 1042 4190 καλεῖται
1055 4139 1084 4204 Τ,
1098 4140 1143 4190 sed
1155 4141 1179 4190 id
1192 4141 1274 4191 tribus
1286 4143 1386 4206 punctis
1395 4150 1509 4193 notatum
1520 4151 1548 4194 et
1558 4139 1627 4196 ὄντα

517 4224 542 4272 in
553 4239 633 4287 marg.
702 4217 873 4274 ἀπεναντίον
882 4222 923 4272 Da
992 4217 1205 4291 παραλλήλασΒ
1256 4223 1281 4272 9.
1299 4223 1374 4273 immo
1387 4219 1553 4293 παράλληλα
1564 4222 1627 4276 ἐπί-

517 4303 600 4367 πεδα,
612 4312 641 4355 ut
652 4312 787 4355 contextus
799 4304 878 4369 ipsius
891 4305 981 4370 capitis
994 4306 1069 4355 docet
1144 4305 1183 4355 10.
1203 4302 1477 4375 Παραλληλεπίπεδα
1489 4302 1556 4356 m

520 4382 560 4435 11.
579 4376 621 4440 οἷς
633 4387 710 4449 ἴσων]
724 4387 806 4445 οίζων
818 4386 878 4435 libri
945 4393 1005 4451 post
1017 4383 1088 4436 ἴσων
1097 4385 1138 4437 Da
1150 4386 1219 4437 addit
1230 4387 1278 4437 καὶ
1290 4382 1399 4454 ὁμοίων
1458 4385 1497 4435 17.
1517 4388 1627 4454 παραλ-

518 4458 733 4533 ληλόγραμμαΤ
814 4466 856 4516 21.
875 4460 929 4517 ὅσα
945 4460 1065 4532 ἑκάστην
1081 4469 1137 4520 τῶν
1153 4463 1337 4536 ὀρθογωνίων
1348 4461 1406 4516 ὑπὸ
1418 4467 1505 4536 τριῶν
1515 4468 1628 4534 γωνιῶν

517 4549 720 4614 περιεχομένην
732 4544 788 4614 ἔχει
799 4545 933 4616 γραμμὴν
944 4546 993 4612 Da,
1006 4547 1095 4614 quibus
1105 4549 1143 4599 Ha
1150 4551 1208 4600 add.
1221 4544 1317 4619 ὀρθῶν
1329 4555 1387 4597 ante
1399 4547 1518 4614 γωνιῶν,
1525 4548 1628 4599 minime

518 4639 580 4674 vero
594 4626 630 4674 sic
642 4627 713 4676 locus
727 4635 831 4678 sanatus
843 4637 883 4680 est
952 4629 993 4679 23.
1011 4630 1058 4679 hoc
1071 4638 1146 4695 eaput
1159 4646 1208 4680 om.
1219 4630 1265 4696 Da,
1278 4630 1358 4681 edidit
1369 4628 1416 4681 δίο
1426 4645 1451 4694 p.
1463 4629 1515 4681 408
