3925 5742
542 786 591 838 128
1021 783 1167 837 nnfloms

541 937 710 1034 δείγματι·
732 937 853 1017 σδνθες
873 935 973 1022 βοίσιν
994 937 1053 1004 καί
1072 936 1219 1005 κοίθετον
1232 936 1291 1004 τοῦ
1303 934 1439 1026 ήττονος
1452 929 1645 1025 ἡμικυκλίου

540 1038 720 1129 τμήματος,
741 1040 891 1109 τουτέστι
915 1037 971 1107 κδ’
993 1039 1059 1107 καί»
1076 1037 1129 1106 θ’·
1156 1039 1303 1127 χίνονται
1329 1036 1390 1125 λχ’·
1418 1029 1463 1104 ὧν
1482 1038 1523 1106 τδ
1544 1034 1645 1128 ήμισυ

541 1139 666 1228 γίνεται
688 1141 736 1224 ις’
757 1147 794 1208 S·
822 1143 926 1209 ταῦτα
947 1140 1009 1210 ἐπί
1028 1140 1072 1208 τοί
1092 1139 1133 1207 θ’
1153 1147 1213 1229 τῆς
1233 1138 1379 1209 καθέτου
1402 1138 1547 1228 γίνονται
1570 1153 1646 1228 ρμη’

539 1249 574 1309 8·
602 1243 659 1311 καί
685 1242 724 1312 τδ
750 1240 853 1334 ήμισυ
880 1250 939 1334 τής
964 1242 1096 1330 βάσεως
1121 1237 1221 1333 ήχσυν
1245 1243 1288 1310 τοί
1314 1241 1365 1328 ιβ’
1392 1238 1448 1331 ἐφ’
1473 1239 1576 1310 ἑαυτὰ
1598 1239 1646 1328 χί-

540 1369 652 1413 νονται
679 1345 770 1434 ρμδ’·
797 1337 842 1413 ὧν
862 1347 902 1413 τδ
926 1345 984 1413 ιδ’
1010 1343 1135 1433 γίνεται
1160 1344 1186 1412 ι’
1208 1343 1251 1411 δ”
1272 1344 1346 1435 κη’·
1370 1346 1475 1412 ταῦτα
1497 1343 1678 1432 πρόσθιςι

540 1451 612 1526 τοῖς
643 1446 721 1537 ρμη’
746 1453 780 1515 8·
812 1446 958 1535 γίνονται
985 1445 1057 1537 ρνή’
1083 1452 1104 1513 S
1131 1444 1173 1515 δ”
1200 1445 1271 1538 κη”·
1303 1445 1469 1515 τοσούτων
1496 1443 1647 1531 σχοινίων

542 1545 637 1616 ἔσται
657 1548 697 1617 τδ
719 1548 865 1636 ἐμβαδδν
885 1552 944 1617 τοῦ
964 1547 1100 1639 ἥττονος
1117 1546 1317 1638 ἡμικυκλίου
1335 1548 1523 1639 τμήματος·
1543 1548 1647 1618 ταῦτα

542 1647 678 1738 δφειλον
700 1647 772 1718 οίπδ
791 1657 852 1719 τοῦ
874 1649 952 1720 δ’λου
973 1648 1122 1738 ἓμβαδσῦ
1143 1657 1204 1719 τοῦ
1224 1650 1352 1734 κύκλου,
1368 1646 1471 1740 ’ήχουν
1493 1645 1565 1718 οίπδ
1585 1655 1648 1716 τῶν

541 1752 622 1839 τςω
642 1752 700 1821 καί
722 1758 783 1820 τοῦ
805 1751 871 1834 ιδ’,
898 1752 957 1821 καί
984 1745 1275 1839 ὕπολιμποίνονται
1295 1752 1371 1840 τλβ’
1392 1752 1435 1845 δ”
1456 1746 1649 1841 κη”,δίτινα

434 1918 436 1921 ,
543 1854 638 1924 ἔσται
658 1856 699 1923 τδ
720 1853 867 1940 ἐμβαδδν
886 1856 945 1923 τοῦ
964 1852 1115 1941 μείζονος
1134 1854 1315 1945 τμήματος.
1667 1866 1695 1917 10

511 1989 525 2029 4
623 1954 702 2024 Ἐὰν
728 1954 766 2025 δὲ
789 1953 892 2047 θέλῃς
914 1959 976 2047 τοῦ
1000 1981 1038 2024 τε
1061 1953 1211 2042 μείζονος
1235 1956 1294 2026 καί
1320 1953 1456 2046 ήττονσς
1480 1954 1648 2045 τμήματος

541 2059 600 2148 τήν
619 2056 837 2147 περιφέρειαν
858 2053 971 2144 εὑρεῖν,
995 2058 1138 2149 ποίησον
1159 2057 1281 2138 οὕτως·
1302 2058 1345 2125 τδ
1366 2057 1422 2125 κδ’
1442 2057 1501 2142 τῆς
1519 2055 1649 2142 βάσεως

542 2159 599 2251 ἐφ’
621 2157 723 2228 ἑαυτδ
744 2157 890 2246 χίνονται
912 2160 1003 2250 φας’·
1024 2161 1084 2228 καί
1105 2161 1147 2228 τὰ
1168 2159 1211 2228 θ’
1230 2160 1289 2249 τῆς
1309 2156 1457 2227 καθέτου
1476 2155 1535 2248 ἐφ’
1550 2155 1649 2227 ἑαυτὰ

543 2261 690 2351 γίνονται
717 2260 791 2329 πα’·
818 2268 924 2329 ταῦτα
948 2261 1101 2351 τετράκις
1121 2260 1268 2349 γίνονται
1290 2260 1376 2329 ταδ’·
1401 2261 1507 2328 ταῦτα
1529 2249 1649 2339 στίνθες

541 2370 614 2446 τοῖς
634 2363 728 2455 φας’·
750 2363 896 2451 γίνονται
919 2361 1005 2451 δμοῦ
1026 2364 1082 2431 λα’·
1105 2357 1151 2433 ὦν
1173 2364 1300 2453 πλευρὰ
1320 2362 1540 2452 τετραχωνικὴ
1562 2361 1648 2450 χίνε-
1667 2373 1694 2423 15

541 2492 600 2534 ται
625 2466 668 2533 λ’·
695 2465 733 2548 ἐξ
757 2456 802 2532 ὦν
827 2463 965 2556 δίφειλον
991 2467 1034 2534 τδ
1058 2475 1119 2556 τῆς
1145 2466 1275 2554 βάσεως
1294 2466 1349 2534 κδ’
1370 2463 1514 2550 σχοινία·
1542 2464 1650 2532 λοιπδ

542 2568 585 2651 ς’·
613 2568 672 2635 καί
697 2565 883 2657 ἐπειδήπερ
908 2565 930 2656 ἡ
956 2568 1016 2654 μὲν
1039 2568 1187 2649 κάθετός
1215 2568 1287 2636 ἐστι
1313 2564 1466 2653 σχοινίων
1492 2565 1547 2650 θ’,
1568 2561 1589 2655 ἡ
1614 2564 1651 2633 δέ

542 2669 642 2757 βάσις
660 2667 825 2755 ’σχοινίων
855 2669 922 2752 κδ’,
954 2667 1051 2739 ποίει
1082 2668 1199 2751 οὕτως·
1232 2672 1275 2738 τὰ
1301 2668 1392 2739 ἐννέα
1417 2675 1477 2757 τής
1501 2666 1650 2736 καθέτου

543 2772 672 2842 πόστον
696 2770 796 2860 μέρος
821 2770 894 2840 ἐστὶ
919 2780 987 2839 τῶν
1012 2773 1065 2841 κδ’
1094 2774 1153 2863 τῆς
1178 2771 1323 2860 βάσεως,
1348 2769 1438 2841 ἐστιν
1463 2765 1520 2840 οὖν
1541 2768 1651 2859 τρίτον

543 2872 708 2962 δίμοιρον·
737 2879 804 2939 τῶν
829 2870 939 2941 τοίνυν
959 2870 996 2956 ἐξ
1014 2874 1097 2961 λάβε
1117 2875 1157 2944 τδ
1170 2873 1288 2964 ,τρίτον
1309 2872 1476 2964 δίμοιρον·
1502 2868 1649 2960 γίνονται
1669 2882 1698 2934 20

541 2975 577 3062 β’
605 2975 658 3042 δ”·
688 2976 794 3042 ταῦτα
825 2974 946 3055 σίνθες
971 2980 1043 3056 τοῖς
1068 2976 1110 3044 λ’·
1143 2975 1290 3062 γίνονται
1316 2974 1371 3063 λβ’
1399 2975 1452 3044 δ”·
1484 2973 1652 3054 τοσούτων

541 3074 637 3147 ἔσται
666 3077 824 3166 σχοινίων,
845 3074 866 3166 ἡ
893 3074 1091 3168 περίμετρος
1110 3081 1168 3147 τοῦ
1189 3078 1363 3159 ἐλάττονος
1381 3076 1564 3168 τμήματος·
1592 3075 1651 3144 καί

542 3179 661 3269 ἐπειδή
689 3177 712 3269 ἡ
739 3181 799 3248 τοῦ
822 3178 900 3248 ὅλου
921 3179 1040 3248 κύκλου
1064 3178 1261 3270 περίμετρός
1282 3179 1355 3249 ἐστι
1377 3175 1531 3264 σχοινίων
1552 3177 1609 3268 οή’
1630 3183 1650 3244 8

544 3281 611 3365 ιδ’,
637 3279 775 3372 δφειλον
796 3281 833 3363 ἐξ
854 3278 960 3351 αὐτῶν
981 3283 1024 3349 τοὶ
1046 3283 1100 3370 λβ’
1123 3282 1173 3364 δ”,
1196 3283 1255 3350 καί
1275 3283 1318 3349 τδ
1340 3280 1650 3370 περιλιμπανδμενα

541 3381 640 3473 ήχουν
659 3384 702 3451 τοί
722 3384 780 3469 μς’
802 3383 845 3452 δ”
868 3383 926 3453 ιδ’
946 3381 1043 3454 ἔσται
1062 3380 1083 3474 ἡ
1105 3382 1305 3474 περιφέρεια
1325 3386 1384 3452 τοῦ
1401 3382 1554 3469 μείζονος
1566 3381 1650 3472 τμήό
1669 3395 1698 3444 25

542 3509 654 3569 ματος.

487 3597 528 3659 98
625 3583 727 3655 ’Άλλο
747 3594 861 3675 τμήμα
882 3589 995 3674 μεῖζον
1013 3586 1226 3678 ἡμικυκλίου,
1254 3579 1293 3655 οὗ
1313 3583 1334 3678 ἡ
1355 3586 1415 3672 μέν
1436 3585 1538 3674 βάσις
1558 3609 1652 3670 σχοι-

542 3685 620 3755 νίων
646 3686 691 3770 κ’,
722 3686 811 3777 ἡδὲ
837 3690 923 3776 πρδς
948 3687 1059 3779 σ’ρθδς
1083 3688 1237 3773 σχοινίων
1262 3688 1304 3757 λ’.
1353 3684 1456 3776 εὑρεῖν
1483 3684 1586 3755 αδτοῦ
1610 3687 1650 3756 τδ

543 3788 704 3875 ἐμβαδδν·
720 3787 814 3857 ποίει
830 3787 947 3870 οὕτως·
963 3791 1148 3882 ἐπειδήπερ
1162 3788 1273 3876 μεῖζόν
1287 3787 1359 3857 ἐστι
1372 3789 1432 3856 τοῦ
1444 3786 1650 3879 ἡμικυκλίου,

543 3888 823 3979 προσαναπλήρου
844 3890 904 3959 τδν
924 3891 1050 3975 κύκλον,
1071 3893 1130 3960 καί
1145 3888 1295 3982 εὑρήσεις
1307 3891 1366 3959 τοῦ
1379 3889 1555 3972 ἐλάττονος
1567 3891 1648 3981 τμή-
1669 3907 1698 3958 ω

611 4120 636 4172 2.
654 4114 799 4191 τμήματος
810 4138 857 4174 om.
871 4123 932 4175 libri
981 4120 1015 4176 τδι
1028 4131 1087 4176 ante
1100 4118 1146 4176 κδ’
1160 4123 1216 4174 εδδ.
1231 4123 1253 4173 D
1320 4121 1346 4172 3.
1364 4117 1442 4193 ρμηΊ
1455 4118 1561 4202 ρςηἸ)

543 4201 568 4254 2.
585 4195 731 4271 τμήματος
743 4218 790 4253 om.
803 4202 863 4253 libri
966 4205 1007 4257 11.
1025 4220 1055 4257 τε
1067 4221 1114 4256 om.
1128 4205 1150 4255 D
1243 4203 1283 4255 13.
1300 4199 1348 4273 ἐφ’
1362 4200 1445 4255 ἑαυτὰ
1458 4210 1518 4269 post
1530 4201 1653 4255 καθέτου

543 4296 592 4341 om.
605 4281 627 4331 D
715 4282 754 4334 18.
772 4281 806 4335 τὰ
818 4279 852 4336 θ’
865 4281 886 4334 D
974 4284 1014 4337 19.
1032 4289 1129 4355 τρίτον
1140 4282 1282 4357 δίμοιρον]
1293 4279 1331 4353 χ”
1345 4278 1389 4334 ατ”
1400 4284 1430 4348 D,
1444 4278 1483 4334 δ”
1495 4279 1535 4349 η”
1547 4282 1581 4349 Α,
1593 4285 1651 4336 item

542 4369 651 4429 uterque
667 4372 726 4430 post
741 4361 808 4430 λάβε
822 4363 869 4430 τὰς
886 4365 1011 4429 significat
1027 4375 1112 4419 autem
1125 4366 1174 4419 Ιιοο
1189 4365 1247 4418 loeo
1265 4367 1360 4437 τρίτον
1376 4362 1512 4436 δίμοιρον
1527 4365 1578 4418 δυο
1596 4379 1649 4416 eun

543 4442 684 4512 Ιισττοήη)
762 4440 936 4510 maen
1004 4440 1331 4516 21.β’δ”]β’8”δ”1)
1401 4439 1585 4511 λβ’δ”δ”1)

543 4523 585 4573 22.
603 4524 653 4574 τοῦ
665 4520 812 4585 ἐλάττονος
826 4522 971 4598 τμήματος
984 4525 1001 4594 ἡ
1018 4531 1187 4601 περίμετρος
1202 4529 1224 4579 D
1330 4527 1372 4588 24,
1390 4521 1433 4594 λα’
1447 4520 1488 4578 δ”
1504 4522 1546 4578 δ”
1562 4525 1586 4578 D

544 4601 586 4654 25·
597 4601 650 4674 μς’
664 4600 703 4657 δ”
715 4605 745 4659 ιδ
748 4603 774 4672 “l
784 4607 832 4676 με’
842 4607 859 4660 S
864 4604 879 4624 ”
889 4607 908 4663 δ
911 4605 959 4662 ”D
1027 4610 1068 4664 30.
1082 4608 1319 4683 προσαναπλήροι
1330 4609 1362 4673 Α,
1375 4603 1448 4681 πρὸς
1460 4602 1649 4681 δναιτλήροιῐ)
