3925 5742
514 533 563 584 1.ae
1003 523 1148 579 morus

513 687 586 762 τοῖς
610 682 676 768 λβ’·.
703 680 850 768 χίνονται
874 677 930 748 λό’
951 685 973 747 8
995 676 1060 747 ιδ’·
1087 677 1252 747 τοσούτων
1276 675 1373 746 ὅσιαι
1399 676 1555 762 σχοινίων
1584 676 1622 743 τδ

515 784 662 870 ίμβαδδν
682 790 742 852 τού
761 781 946 871 τμήματος·
969 773 1016 848 ὧν
1036 781 1076 847 τδ
1095 778 1199 870 ήμισύ
1221 775 1353 848 ἒστινδ
1374 776 1551 866 μοόισμός.

482 917 496 954 2
603 885 670 975 Τήν
697 883 734 952 δὲ
761 881 958 973 περίμετρον
983 882 1100 950 τούτου
1127 879 1277 971 εὑρήσεις
1301 878 1420 961 οὸτως·
1447 882 1622 967 πολυπλα-

515 984 630 1054 σίασον
654 987 697 1053 τα
725 983 773 1072 ιβ’
798 992 858 1075 τῆς
884 985 1016 1072 βάσεως
1041 981 1102 1074 ἐφ’
1129 981 1244 1051 ἑαυτό·
1270 979 1419 1069 χίνονται
1446 979 1535 1069 ρμδ’·
1564 981 1620 1048 καὶ

513 1089 556 1154 τὰ
579 1089 611 1156 δ’
633 1090 692 1178 τῆς
712 1087 859 1156 καθέτου
880 1084 937 1177 ἐφ’
960 1086 1076 1155 ἑαυτά·
1099 1084 1243 1174 χίνονται
1266 1085 1322 1166 ις’·
1344 1084 1450 1151 ταὸτα
1468 1081 1622 1171 τετράκις
1640 1098 1653 1147 5

515 1188 662 1277 γίνονται
687 1187 748 1272 ξδ’·
779 1190 885 1255 ταῦτα
912 1188 1064 1275 πρόσθες
1089 1192 1160 1267 τοῖς
1186 1189 1275 1276 ρμδ’·
1307 1187 1453 1275 γίνονται
1481 1186 1547 1277 ση’·
1578 1179 1622 1254 ὧν

517 1292 643 1380 πλευρὰ
668 1290 888 1378 τετραχωνική
917 1288 1044 1378 γίνεται
1067 1289 1178 1376 ιδ’-χ’
1201 1290 1260 1376 ιβ’
1279 1291 1373 1379 παρα
1393 1290 1434 1359 τδ
1452 1288 1621 1376 σύνεχχυς·

514 1392 645 1472 τούτοις
677 1390 831 1481 πρόσθες
850 1398 928 1457 τῶν
960 1391 993 1458 δ’
1019 1392 1077 1481 τῆς
1103 1390 1250 1460 καθέτου
1278 1393 1317 1460 τδ
1343 1391 1499 1480 τέταρτον
1525 1387 1623 1481 ἤγουν

514 1493 642 1579 μονάδα
662 1491 756 1579 μίαν·
778 1491 924 1579 χίνονται
946 1490 991 1560 ιε’
1013 1491 1055 1578 χ’
1077 1492 1146 1579 ιβ’·
1166 1491 1331 1562 τοσούτων
1351 1493 1505 1578 σχοινίων
1526 1489 1622 1561 ἔσται

478 1592 481 1598 ’
516 1593 752 1685 ήπερίμετρος
772 1595 832 1663 τοῦ
852 1593 1005 1662 τοιούτου
1026 1593 1204 1684 τμήματος.
1642 1596 1670 1646 ¹⁰

447 1823 543 1878 (xvm)
660 1800 761 1887 Περὶ
780 1798 977 1885 μειζόνων
997 1798 1212 1890 τμημάτων
1232 1795 1482 1888 ἡμικυκλίου.

461 1926 502 1988 96
590 1913 700 1986 ’Έστω
721 1925 837 2008 τμῆμα
857 1919 968 2004 μεῖζον
988 1914 1199 2009 ἡμικυκλίου,
1223 1907 1262 1986 αδ
1283 1915 1303 2008 ή
1327 1918 1388 2004 μὲν
1408 1917 1509 2005 βάσις
1530 1919 1624 2002 σχοι-

516 2018 595 2086 νίων
622 2018 682 2104 ιβ’,
710 2017 732 2110 ή
755 2019 794 2088 δι’
815 2019 960 2099 κάθετος
986 2019 1139 2103 σχοινίων
1159 2020 1211 2088 θ’.
1255 2016 1360 2111 εύρεῖν
1381 2017 1483 2089 αὐτοῦ
1503 2021 1545 2088 τδ
1566 2019 1624 2105 ίμ-

516 2121 636 2206 βαδόν·
670 2121 766 2190 ποίει
792 2120 910 2202 υὸτως·
944 2120 1336 2211 προσαναπεπληραίσθω
1363 2122 1425 2190 διδ
1451 2117 1623 2209 παντδςή

518 2222 674 2306 κάθετος,
698 2222 761 2304 ἕως
782 2220 821 2289 δν
843 2222 996 2313 συμπέσῃ
1018 2225 1066 2312 τῷ
1087 2224 1210 2314 κύκλῳ·
1231 2225 1290 2292 καί
1312 2223 1483 2312 διαιρείτω
1504 2223 1549 2291 τδ
1568 2224 1626 2313 τῆς
1643 2236 1670 2286 15

516 2323 648 2410 βύσιως
668 2321 799 2408 σχοινία
819 2323 935 2410 μέσον·
957 2323 1101 2411 γίνονται
1124 2325 1166 2408 ς’·
1193 2327 1297 2394 ταῦτα
1317 2323 1375 2416 ἐφ’
1394 2323 1498 2394 Ιἑαυτό
1521 2323 1625 2412 χίνον-

517 2449 575 2493 ται
595 2426 658 2507 λς’·
684 2428 787 2494 ταῦτα
806 2425 918 2514 μέριζε
939 2427 1033 2513 παρὰ
1053 2427 1113 2517 τήν
1134 2425 1289 2509 κάθετον,
1311 2426 1461 2496 τουτέστι
1476 2428 1571 2516 παρὰ
1584 2426 1626 2494 τοὶ

517 2526 569 2595 θ’·
597 2524 744 2615 γίνονται
770 2527 813 2595 δ’·
839 2525 934 2595 ἔσται
962 2521 1102 2597 οὖντοῦ
1129 2529 1308 2611 ἐλάσσονος
1327 2529 1499 2620 τμήματος
1520 2527 1627 2620 ήκοί-

518 2635 621 2708 θετος
641 2628 793 2713 σχοινίων
815 2630 858 2696 δ’·
880 2627 965 2697 ὥστε
986 2628 1006 2719 ἡ
1031 2629 1207 2722 διάμετρος
1227 2633 1287 2700 τού
1302 2629 1381 2700 ὅλου
1395 2631 1516 2699 κύκλου
1531 2627 1628 2698 ἔσται

488 2757 501 2795 2
519 2729 671 2814 σχοινίων
694 2732 750 2818 ιγ’.
782 2731 841 2800 ίυὶν
862 2724 917 2799 οὖν
931 2732 1142 2822 μετρήσωμεν
1161 2730 1297 2802 ἔλαττον
1316 2739 1440 2822 τμῆμα,
1463 2725 1503 2802 ού
1524 2729 1545 2823 ή
1566 2733 1626 2818 μὲν
1639 2744 1676 2804 ,20

519 2832 622 2920 βύσις
642 2833 714 2903 ἐστὶ
736 2832 889 2920 σχοινίων
918 2835 977 2922 ιβ’,
1000 2833 1021 2927 ἦ
1044 2837 1082 2905 δὲ
1102 2835 1248 2917 κάθετος
1269 2834 1423 2921 σχοινίων
1443 2832 1487 2920 δ’,
1509 2834 1628 2924 μετρή-

519 2957 627 3022 σωμεν
655 2936 693 3006 δὲ
719 2939 778 3005 καὶ
804 2938 936 3020 κύκλον,
965 2929 1006 3004 ού
1032 2935 1052 3026 ἡ
1081 2934 1260 3025 διάμετρός
1288 2937 1361 3008 ἔστι
1388 2935 1627 3024 σχοινίωνιχ,

520 3033 695 3126 ἀφέλωμεν
716 3040 755 3106 δὲ
777 3036 847 3109 ύπδ
868 3042 929 3108 τοῦ
948 3038 1070 3106 κύκλου
1091 3041 1131 3108 τδ
1151 3035 1288 3107 ἔλαττον
1308 3041 1430 3129 τμῆμα,
1454 3036 1568 3124 ἕξομεν
1588 3038 1627 3106 τδ

488 3140 639 3207 ιλοιπδν
659 3139 817 3228 μέγιστον
836 3144 951 3231 τμῆμα
970 3144 1030 3208 τοῦ
1047 3140 1168 3209 κύκλου
1182 3140 1436 3231 μεμετρημένον.
1456 3133 1533 3209 οἷον
1544 3137 1629 3208 ἔστω

519 3236 539 3328 ἦ
564 3241 739 3329 διάμετρος
759 3245 819 3310 τοῦ
841 3243 917 3311 ὅλου
939 3243 1058 3310 κύκλου
1080 3240 1235 3326 σχοινίων
1257 3240 1314 3329 ιμ’·
1336 3243 1441 3310 ταὸτα
1455 3238 1514 3332 ἐφ’
1527 3239 1628 3309 ἑαυτὰ
1647 3253 1677 3303 25

520 3338 665 3427 χίνονται
692 3344 780 3432 ρξθ’·
808 3347 912 3412 ταῦτα
938 3343 1106 3424 ἑνδεκάκις
1127 3343 1274 3430 γίνονται
1295 3343 1423 3430 ,αωνθ’·
1444 3344 1569 3412 τούτων
1589 3343 1628 3410 τδ

522 3441 579 3511 ιδ’
601 3438 727 3530 γίνεται
753 3445 826 3531 ρλβ’
847 3452 869 3513 8
890 3446 931 3514 δ”
952 3446 1026 3535 κη’·
1052 3445 1220 3515 τοσούτων
1240 3445 1395 3529 σχοινίων
1413 3445 1487 3515 ἐστὶ
1508 3445 1548 3515 τὸ
1569 3443 1629 3530 ἔμ’

520 3546 626 3630 βαδδν
643 3549 703 3614 τοῦ
725 3545 805 3614 ὅλου
825 3546 954 3614 κύκλου.
999 3544 1071 3615 οἷπδ
1090 3548 1214 3616 τούτων
1234 3545 1490 3638 δπεξαιριθήτω
1510 3546 1630 3634 τδῖίμ·

520 3648 627 3732 βαδδν
647 3650 705 3716 τοῦ
726 3647 899 3731 ἐλάττονος
919 3647 1099 3738 τμήματος,
1122 3649 1206 3739 ὅπερ
1227 3649 1300 3718 ἐστὶ
1321 3651 1407 3717 κατδ
1426 3651 1488 3740 τήν
1507 3673 1629 3737 προεκ,

519 3754 677 3819 τιθεῖσαν
702 3748 827 3840 ἔφοδον
853 3748 1008 3835 σχοινίων
1032 3752 1088 3818 λδ’
1113 3758 1134 3818 8
1161 3751 1229 3820 ιδ’·
1258 3753 1380 3820 καὶτὰ
1401 3747 1675 3840 λοιπδήχουνυο

590 4017 614 4068 1.
634 4011 798 4084 σύνεγγεςΙ)
878 4017 902 4068 8.
920 4016 1060 4087 τέταρτον]
1072 4012 1145 4067 δ”ῠ
1225 4017 1249 4068 9.
1266 4018 1346 4087 μίαν]
1359 4012 1422 4067 αἸ]
1503 4017 1544 4068 11.
1563 4035 1630 4086 τμη-

520 4091 617 4166 μάτων
627 4094 796 4166 μειζόνωνῦ
883 4098 924 4150 14.
942 4093 1248 4167 προσαναπληρούσθω
1261 4099 1282 4149 D
1356 4098 1397 4149 15.
1416 4093 1459 4161 ἂν]
1472 4083 1507 4150 δυ
1518 4097 1551 4163 Α,
1565 4093 1597 4149 δῦ
1609 4098 1629 4147 1)

589 4176 772 4250 διαιρεῖταιλ)
842 4179 881 4230 19.
901 4177 980 4231 ἔσται
992 4179 1076 4230 σουλ)
1143 4180 1186 4231 22.
1204 4178 1302 4244 δὲκαὶ]
1317 4172 1461 4232 οὗνιδνΒ
1535 4179 1580 4231 23.
1598 4175 1627 4230 τδ

522 4254 636 4312 ἔλαττον
647 4260 770 4327 usquead
781 4255 883 4312 κύκλου
894 4275 942 4312 om.
956 4260 978 4311 1)
1046 4260 1087 4310 24.
1105 4262 1317 4331 μεμετρημένου
1329 4261 1350 4315 D.
1407 4260 1448 4310 25.
1467 4253 1537 4312 ὅλου
1549 4259 1628 4331 διαί)

590 4339 632 4391 26.
649 4335 800 4404 ἑνδεκόκις]
812 4344 846 4392 ῖᾶ
857 4356 913 4392 cum
925 4341 1071 4406 compendio
1085 4341 1202 4408 syllabae
1215 4343 1273 4399 ιςΙ]
1343 4342 1384 4393 21.
1403 4339 1465 4394 ἐστὶ
1476 4356 1526 4395 on.
1542 4341 1565 4392 D
