3925 5742
837 720 963 774 VARIAE
982 723 1241 778 COLLECTIONES.
1545 732 1593 782 247

483 904 571 957 νεια,
604 875 735 964 γραμμή
744 904 750 916 ·
778 879 836 942 τοῦ
863 900 899 941 τε
927 877 988 961 γὰρ
1016 875 1170 961 στόματος
1191 887 1259 944 πᾶν
1280 879 1377 969 μέρος
1399 883 1508 963 σῶμα,
1537 883 1593 947 καὶ

486 979 545 1045 διδ
578 980 676 1045 τοῦτο
710 975 804 1043 οὐδέν
838 973 927 1043 ἔστιν
956 974 1128 1059 ἐλάχιστον
1156 981 1250 1063 σῶμα
1282 981 1375 1063 [ε’πεί
1404 984 1472 1047 πάν
1499 984 1594 1067 σῶμα

485 1085 572 1166 τρεῖς
595 1077 663 1162 ἔχει
686 1077 889 1159 διαστάσεις,
911 1080 1028 1166 μῆκος,
1052 1078 1186 1160 πλάτος,
1210 1080 1342 1166 βάθος·
1366 1084 1422 1150 καί
1446 1081 1534 1151 ὅπου
1557 1085 1594 1152 δὲ

485 1185 553 1247 πᾶν
580 1181 687 1268 μέρος,
716 1180 822 1259 τόπος
848 1177 933 1261 ἐστί,
963 1178 1020 1246 καί
1050 1177 1151 1263 ὅθεν].
1197 1178 1274 1248 οόδὲ
1294 1182 1400 1264 τόπος
1421 1183 1595 1268 ἐλάχιστος

446 1300 461 1346 5
487 1282 576 1351 ἔστι·
611 1290 680 1362 ποῖς
713 1283 774 1368 γάρ
808 1281 916 1360 τόπος
948 1277 1026 1360 ’ίσας
1059 1275 1128 1364 ἔχει
1162 1285 1356 1366 σωματικάς
1390 1286 1591 1367 διαστάσεις.

484 1383 609 1470 ὁμοίως
631 1385 687 1450 καί
710 1385 748 1451 τὸ
770 1385 838 1449 πᾶν
858 1383 959 1470 μέρος
979 1384 1039 1449 τοῦ
1060 1381 1177 1469 χρόνου
1198 1385 1312 1470 χρόνος
1326 1384 1406 1452 ἐστί.
1436 1388 1494 1455 καί
1510 1383 1623 1460 άλλαι

485 1486 522 1553 δέ
552 1489 666 1574 συνεχῆ
696 1485 781 1552 ἔστι·
810 1486 940 1573 γραμμή
968 1485 1028 1567 μέν
1055 1482 1109 1551 ότι
1136 1486 1248 1570 λαβεῖν
1275 1483 1348 1552 έστι
1375 1489 1485 1555 κοινόν
1507 1486 1592 1579 ὅρον,

485 1591 572 1675 πρὸς
599 1582 636 1653 δν
662 1592 705 1654 τά
732 1586 837 1671 μόρια
865 1582 949 1676 αὐτῇ
976 1584 1147 1666 συνάπτει,
1171 1587 1321 1676 στιγμήν·
1350 1587 1534 1679 ἐπιφάνεια
1556 1593 1594 1657 δὲ

485 1688 538 1757 ότι
570 1691 612 1755 τά
645 1696 705 1756 τοῦ
739 1688 903 1755 ἐπιπέδου
936 1687 1040 1775 μόρια
1072 1690 1156 1775 πρὸς
1183 1691 1293 1756 κοινόν
1321 1688 1397 1777 ὅρον
1422 1691 1592 1774 συνάπτει,

428 1815 461 1862 10
485 1791 643 1880 γραμμήν.
688 1789 843 1890 ιδσαότως
865 1789 981 1856 δὲκαὶ
1004 1788 1063 1856 ε’πί
1085 1797 1144 1857 τοῦ
1165 1789 1328 1874 σώματος.

719 1923 803 1993 Ὅτι
825 1926 932 2005 τίνες
954 1923 1074 2015 άρχαί
1096 1925 1357 2014 γεωμετρίας,
1609 1949 1627 2005 7

567 2027 686 2118 Ἆρχδς
708 2028 745 2096 δέ
768 2025 967 2114 γεωμετρίας
989 2024 1073 2094 ένιοί
1095 2051 1198 2116 φασιν
1221 2021 1305 2095 εἶναι
1328 2031 1387 2108 τάς
1406 2030 1464 2095 τοῦ
1481 2029 1591 2114 σώμα-

481 2156 538 2210 τος
573 2128 767 2207 διαστάσεις
798 2132 857 2196 τοῦ
888 2131 1137 2216 μαθηματικοῦ.
1183 2127 1249 2196 εἰσὶ
1282 2130 1319 2196 δέ
1350 2137 1450 2218 τρεῖς,
1478 2135 1592 2220 μῆκος,

484 2230 609 2310 πλάτος
631 2233 689 2297 καὶ
711 2230 831 2316 βάθος.
874 2230 999 2295 τοότιον
1022 2229 1138 2314 δότην
1161 2230 1293 2318 πριότην
1315 2231 1470 2316 γίνεσθαί
1488 2258 1593 2323 φασιν

428 2347 460 2395 15
483 2331 553 2398 άπδ
575 2336 639 2397 τῶν
661 2331 777 2417 πρόσω
800 2329 848 2409 είς
868 2333 909 2397 τά
933 2330 1045 2398 όπίσω
1067 2333 1125 2399 καί
1149 2326 1234 2398 εἶναι
1256 2334 1367 2422 μηκος,
1390 2336 1448 2421 την
1465 2335 1502 2400 δὲ
1518 2340 1592 2401 δευ·

481 2435 577 2522 τέραν
605 2433 758 2519 γίνεσθαι
786 2430 858 2500 άπδ
883 2435 948 2499 τῶν
978 2433 1096 2514 δεξιῶν
1124 2431 1170 2513 είς
1191 2435 1233 2500 τά
1256 2432 1404 2518 είιόνυμα
1426 2437 1484 2502 καί
1507 2429 1591 2502 εἶναι

482 2537 622 2617 πλάτος,
654 2538 712 2622 τήν
739 2535 776 2601 δὲ
802 2533 914 2624 τρίτην
940 2533 1097 2622 γίνεσθαι
1125 2532 1192 2602 άνω
1219 2541 1276 2602 καί
1304 2536 1393 2603 κάτω
1421 2537 1479 2603 καί
1506 2531 1590 2605 εἶναι

481 2639 606 2723 βάθος·
642 2635 687 2717 ὥς
712 2637 749 2703 ἐκ
774 2644 840 2702 ταῖν
866 2639 965 2722 τριῶν
992 2637 1116 2704 τούτων
1142 2633 1179 2718 ἓξ
1204 2638 1360 2724 γίνεσθαι
1388 2637 1591 2719 διαστάσεις,

482 2739 544 2807 δόο
566 2736 648 2805 καθ’
672 2736 824 2820 ἑκάστην·
854 2740 993 2806 καλοῦσι
1015 2740 1178 2806 δὲταῦτα
1200 2739 1348 2827 κινήσεις
1369 2741 1454 2806 κατά
1476 2739 1590 2808 τόπον.

426 2891 460 2938 20
752 2871 801 2938 Τί
822 2872 907 2939 ἐστι
929 2873 1044 2952 τέλος
1066 2873 1324 2962 γεωμετρίας,·
1606 2890 1625 2952 8

572 2977 672 3055 Τέλος
698 2975 770 3043 ἐστί
796 2972 897 3062 ταότη
925 2974 1169 3064 παραπλησίως
1189 2979 1230 3068 τῇ
1253 2976 1474 3067 ἀριθμητικῇ,
1504 2981 1591 3068 πλην

481 3083 540 3146 τοῦ
569 3079 673 3167 ζητεῖν
699 3080 898 3162 καταλαβεῖν
925 3074 963 3143 οὐ
989 3079 1031 3143 τά
1060 3080 1101 3166 τῇ
1128 3080 1339 3169 διωρισμένη,
1373 3077 1456 3145 άλλδ
1483 3082 1525 3146 τά
1551 3085 1591 3170 τῇ
1635 3126 1636 3129 =

482 3185 608 3265 συνεχεῖ
629 3177 726 3268 οόσίᾳ
747 3177 926 3265 συμβάντα.

853 3296 953 3382 Περὶ
975 3297 1219 3385 λογιστικῆς.
1605 3319 1625 3380 9

424 3426 458 3473 25
569 3397 760 3488 Λογιστική
783 3397 855 3465 ἐστι
877 3396 1007 3485 θεωρία
1029 3395 1049 3486 ἦ
1071 3405 1135 3463 τοῖν·
1157 3395 1362 3488 άριθμητῶν,
1387 3395 1458 3482 οόχὶ
1476 3401 1513 3466 δὲ
1526 3401 1590 3466 τῶν

483 3500 640 3590 άριθμυῖν
661 3497 939 3586 μεταχειριστική,
957 3495 995 3565 οό
1010 3501 1067 3565 τὸν
1087 3496 1189 3579 όντως
1203 3497 1352 3586 άριθμδν
1366 3500 1589 3585 λαμβάνουσα,

482 3604 710 3691 δποτιθεμένη
734 3601 773 3668 δέ
794 3602 833 3668 τδ
855 3600 915 3684 μέν
937 3597 971 3667 ἓν
994 3599 1039 3679 ὥς
1059 3601 1200 3685 μονάδα,
1222 3603 1261 3668 τδ
1284 3601 1321 3669 δέ
1344 3599 1531 3690 α’ριθμητδν
1546 3602 1591 3680 ιδς
1673 3692 1675 3696 Α

483 3703 640 3797 ἀριθμόν.
685 3695 754 3772 οἷον
780 3705 822 3768 τά
851 3699 927 3788 τρία
954 3703 1076 3791 τριάδα
1103 3696 1268 3770 εἶναικαὶ
1290 3705 1332 3770 τά
1356 3705 1433 3771 δέκα
1456 3702 1589 3785 δεκάδα,

554 3886 576 3935 1.
596 3880 915 3946 ιοοιειιι,ωοιοιιοα
1001 3881 1025 3931 ι.
1045 3875 1322 3944 συμπλέοντα
1402 3855 1590 3948 nahmen,

483 3961 632 4034 ἐλάχιστόν
644 3964 689 4014 Μα
701 3963 771 4012 nulla
783 3962 855 4011 varia
868 3960 995 4026 scriptura
1007 3960 1126 4012 adnotata
1201 3963 1224 4011 5.
1244 3964 1306 4018 ἴσας
1319 3978 1366 4012 om.
1380 3961 1425 4012 Ma
1438 3961 1504 4023 (num
1516 3960 1591 4010 etiam

483 4048 532 4115 cs‘3)
605 4038 773 4115 σωματικάς]
787 4038 903 4111 σώματα
915 4037 964 4097 τάς
975 4038 1003 4090 cf
1069 4041 1092 4091 6.
1106 4043 1156 4090 τοῦ
1169 4058 1216 4092 om.
1231 4041 1275 4092 Ma
1337 4043 1360 4092 8.
1375 4037 1443 4112 αὐτῇ
1457 4037 1589 4093 συνάπτει

483 4145 562 4196 usque
575 4130 607 4179 εδ
618 4123 706 4198 μόρια
720 4123 799 4174 om.B
870 4118 971 4192 στιγμή
984 4122 1043 4172 libri
1112 4123 1136 4172 9.
1150 4118 1221 4188 πρὸς
1233 4123 1288 4172 add.
1303 4122 1348 4173 Ma
1412 4118 1592 4178 11.τινὲςΜυ

484 4218 519 4275 et,
532 4217 561 4260 ut
573 4210 682 4271 videtur,
695 4205 755 4256 libri
845 4205 884 4254 12.
906 4199 1009 4272 Ἀρχὰς
1019 4200 1057 4267 δὲ]
1072 4197 1155 4270 ἀρχαὶ
1168 4203 1187 4253 Β
1269 4198 1366 4270 Ἀρχὰς
1379 4201 1409 4253 δὲ
1421 4205 1591 4270 γεωμετρίας

485 4290 560 4343 om.f
640 4289 678 4340 13.
697 4287 763 4340 Εἶσι
777 4285 919 4338 Mainvitis
932 4284 1005 4334 libris
1084 4284 1124 4333 15.
1144 4279 1287 4334 ὀποίσωΒ
1364 4282 1524 4334 mamm

487 4375 526 4422 22.
548 4374 580 4442 τη
593 4371 712 4436 συνεχεῖ]
726 4366 826 4436 συνεχὴ
839 4368 867 4431 Β,
879 4374 938 4432 puto
952 4367 1027 4415 etiam
1040 4365 1072 4427 cf,
1086 4366 1149 4416 unde
1163 4365 1207 4416 Ma
1219 4365 1293 4415 affert
1307 4367 1406 4434 συνίχη
1489 4366 1528 4413 21.
1547 4367 1589 4413 λο-

486 4452 604 4521 γικῆςεί
682 4452 722 4500 25.
744 4445 878 4517 λογικηοί
955 4442 1097 4511 θεωρηαΒ
1175 4442 1524 4512 άριθμητιῖιν]όριθμῶνΒ

486 4529 559 4604 οὐχὶ]
573 4528 633 4584 οότι
645 4531 672 4582 cf
681 4532 726 4584 Ma
796 4531 837 4579 26.
857 4521 936 4583 όνιος
948 4527 1008 4576 libri
1078 4528 1116 4575 28.
1138 4525 1205 4574 δέκα
1218 4543 1265 4575 om.
1282 4529 1299 4575 B
