3925 5742
933 789 1139 846 emmam.
1540 793 1589 848 113

475 947 697 1034 συντιθέμενα
718 944 865 1035 γίνονται
885 945 952 1013 κδ’·
979 937 1025 1013 ῶν
1045 944 1148 1035 ήμισυ
1171 943 1296 1032 γίνεται
1319 944 1378 1031 ιβ’·
1405 951 1508 1012 ταῦτα
1529 943 1589 1013 ὀπί

472 1051 518 1118 τά
545 1049 578 1131 ς’
605 1050 664 1140 τῆς
692 1050 777 1139 πρὸς
802 1045 913 1136 ὀρθάς
941 1045 1087 1135 γίνονται
1111 1045 1178 1134 οβ’·
1205 1047 1262 1115 καί
1286 1043 1359 1115 ἔστι
1381 1047 1422 1114 τὸ
1442 1045 1590 1133 έμβαδόν

474 1153 537 1220 τοῦ
557 1150 712 1219 τοιούτου
733 1149 914 1240 τραπεζίου
937 1145 1091 1234 σχοινίων
1113 1147 1179 1236 οβ’·
1200 1139 1246 1216 ῶν
1266 1143 1368 1235 ήμισυ
1384 1144 1510 1235 γίνεται
1526 1145 1590 1227 λς’,

475 1251 536 1325 καὶ,
558 1248 634 1320 ἔστι
654 1254 715 1342 γῆς
734 1248 860 1338 μοόίων
880 1251 944 1333 λς’.
986 1251 1045 1319 τοῦ
1068 1246 1274 1339 ὀρθογωνίου
1295 1247 1456 1338 τριγώνου
1477 1245 1512 1315 αἶ
1529 1247 1620 1315 δίου

438 1379 454 1427 5
477 1353 620 1443 πλευραί
642 1353 701 1443 τής
724 1350 831 1443 ὀρθῆς
852 1352 973 1441 γωνίας
993 1350 1014 1442 ή
1036 1351 1097 1438 μέν
1114 1351 1268 1434 σχοινίων
1282 1351 1393 1441 τριῶν,
1408 1348 1429 1442 ή
1446 1352 1483 1419 δέ
1496 1372 1590 1436 σχοι-

475 1454 556 1523 νίων
584 1453 637 1522 ιε’·
663 1455 706 1522 τά
730 1454 808 1544 τρία
836 1456 895 1542 τής
921 1455 1004 1540 μιᾶς
1029 1452 1369 1539 πολυπλασιαζάμενα
1397 1452 1457 1522 ὀπί
1478 1454 1521 1522 τά
1544 1452 1590 1519 ιε’

474 1559 537 1646 τῆς
563 1552 678 1646 ἑτέρας
699 1552 858 1646 άτμήτως
879 1553 1027 1644 γίνονται
1047 1553 1112 1641 με’·
1141 1545 1186 1621 ῶν
1205 1551 1308 1644 ἥμισυ
1331 1552 1457 1642 γίνεται
1478 1554 1534 1641 νβ’
1554 1559 1587 1621 S·

474 1658 536 1726 καί
559 1653 632 1725 ἔστι
654 1658 693 1725 τὸ
715 1656 862 1744 ὀμβαόὀν
881 1663 942 1725 ταῶ
963 1653 1063 1725 αὐτοῦ
1085 1651 1294 1746 ὀρθογωνίου
1315 1655 1474 1746 τριγώνου
1495 1677 1590 1751 σχοιε

475 1758 557 1827 νίων
577 1758 633 1846 νβ’
654 1764 690 1825 S·
713 1758 817 1827 πάλιν
836 1760 876 1827 τὸ
898 1758 1003 1849 ἥμισυ
1027 1763 1093 1825 τῶν
1113 1756 1170 1844 νβ’
1190 1763 1212 1824 8
1233 1754 1358 1845 γίνεται
1381 1759 1431 1824 ια’
1454 1757 1505 1842 δ”,
1533 1756 1590 1825 καί

426 1879 459 1930 10
479 1857 554 1930 ἔστι
585 1860 711 1945 μοόίων
743 1860 793 1929 ια’
825 1862 883 1931 καί
914 1860 1033 1949 λιτρῶν
1062 1857 1150 1927 δέκα.
1193 1857 1277 1945 ὁμοῦ
1304 1856 1500 1949 άμφοτέρων
1524 1865 1623 1926 τώνι

477 1961 657 2054 τμημάτων
687 1960 764 2054 ήτοι
794 1965 853 2031 τοῦ
883 1961 962 2032 ὅλου
988 1959 1169 2052 τραπεζίου
1196 1961 1237 2030 τὸ
1264 1961 1411 2048 ἐμβαδὸν
1437 1959 1591 2046 σχοινίων

478 2065 836 2155 ένενήκοντατεσσάρων
861 2063 1015 2156 ήμίσεος·
1042 2056 1089 2130 ῶν
1114 2063 1153 2130 τὰ
1180 2061 1284 2153 ήμισυ
1307 2064 1436 2152 7γίνεται
1458 2062 1514 2148 μζ’
1537 2061 1589 2144 δ”,

478 2167 538 2235 καί
559 2165 632 2235 ἔστι
653 2173 714 2257 γῆς
734 2165 861 2253 μοόίων
882 2165 940 2253 μζ’
961 2164 1021 2234 καί
1041 2165 1160 2254 λιτρῶν
1181 2163 1271 2235 δέκα.

569 2270 617 2337 Τὸ
638 2270 791 2338 τοιοῦτον
810 2271 919 2359 σχῆμα
935 2264 1088 2357 ὀιαιροά-
1607 2269 1647 2330 86

426 2395 461 2448 15
481 2396 580 2458 μενον
609 2373 695 2439 κατά
726 2373 786 2461 τήν
812 2370 893 2458 μίαν
919 2372 984 2438 τῶν
1011 2372 1088 2436 δια·
1304 2297 1574 2658 m

480 2469 607 2560 γωνίων
628 2478 725 2541 ποιεῖ
744 2475 784 2542 τὸ
803 2472 863 2559 μὲν
878 2468 1088 2562 ὀρθογώνιον
1305 2482 1316 2492 ”
1607 2545 1609 2549 ,
1640 2524 1641 2528 ,

478 2573 660 2663 τραπέζιον
675 2571 725 2654 είς
737 2572 894 2663 τμήματα
912 2573 974 2642 δύο
989 2570 1088 2663 ήγουν

481 2672 531 2755 είς
561 2674 719 2764 τρίγωνον
752 2673 921 2756 ἰσοσκελές
952 2676 1012 2743 καί
1041 2673 1089 2756 είς
1486 2660 1574 2837 W
1636 2694 1637 2698 ’

478 2777 658 2867 τραπέζιον
672 2774 879 2866 ὀρθογώνιον
894 2778 1004 2869 έτερον
1013 2773 1089 2846 ἴσον
1624 2797 1627 2799 ’

425 2897 462 2948 20
479 2881 529 2970 τῷ
551 2876 716 2948 λσοσκελεῖ
735 2880 893 2973 τριγώνῳ,
915 2883 955 2951 τό
977 2882 1015 2950 ὀί
1037 2881 1245 2972 ὀρθογώνιον
1262 2880 1420 2971 τρίγωνον
1435 2877 1483 2961 είς
1498 2881 1593 2969 ἕτερα

478 2980 637 3070 τμήματα
671 2980 732 3050 δύο
764 2979 862 3072 ἤγουν
894 2982 942 3064 εἰς
972 2982 1130 3074 τρίγωνον
1156 2983 1360 3076 ὀρθογώνιον
1388 2980 1592 3071 βραχύτατον

479 3082 539 3150 καί
552 3081 609 3163 ἐίς
622 3081 780 3172 τρίγωνον
794 3081 1022 3174 ἀμβλυγώνιον
1035 3085 1280 3178 τετραπλάσιον
1294 3085 1353 3153 τοῦ
1376 3080 1591 3172 ὀρθογωνίου.

478 3181 500 3272 ή
534 3184 572 3251 δὲ
599 3181 820 3276 άναμέτρησις
848 3184 929 3271 [ἑνὸς
955 3187 1097 3258 ἑκάστου
1123 3188 1302 3278 τμήματος]
1331 3182 1398 3270 ἔχει
1427 3182 1544 3263 οὕτως·
1571 3183 1623 3272 ἦ9

480 3285 582 3372 βάσις
602 3293 663 3358 τοῦ
689 3285 878 3370 ίσοσκελοῦς
901 3290 1060 3381 τριγώνου
1082 3288 1235 3376 σχοινίων
1256 3288 1315 3372 ιβ’,
1346 3285 1367 3377 ή
1391 3286 1428 3355 δὲ
1449 3284 1595 3365 κάθετος

428 3405 465 3456 25
483 3385 583 3456 αὐτοῦ
609 3387 762 3473 σχοινίων
787 3391 829 3472 ς’·
856 3392 896 3460 τό
916 3390 1021 3482 ήμισυ
1048 3399 1109 3484 τῆς
1136 3391 1267 3480 βάσεως
1287 3387 1388 3481 ήγουν
1408 3388 1451 3455 τά
1473 3387 1506 3468 ς’
1530 3410 1594 3455 πο-

481 3490 771 3578 λυπλασιαζόμενα
795 3491 856 3561 έπί
882 3495 925 3562 τά
952 3495 990 3578 ς’,
1012 3501 1073 3586 τῆς
1099 3491 1245 3563 καθέτου
1275 3488 1420 3581 γίνονται
1446 3487 1509 3571 λς’·
1537 3488 1594 3556 καί

482 3591 557 3660 ἔστι
577 3595 617 3661 τὸ
638 3593 786 3682 έμβαόὸν
805 3597 866 3665 τοῦ
888 3594 1078 3679 ίσοσκελοῦς
1097 3593 1255 3688 τριγώνου
1270 3591 1424 3677 σχοινίων
1437 3590 1499 3672 λς’·
1519 3589 1595 3659 τοά-

480 3718 548 3760 των
573 3694 614 3762 τό
634 3692 736 3784 ήμισυ
762 3694 888 3783 γίνεται
916 3698 979 3790 ιη’,
1007 3700 1065 3769 καί
1092 3695 1165 3768 ἔστι
1188 3699 1246 3790 γῆς
1266 3692 1394 3784 μοόίων
1416 3691 1592 3762 δεκαοκτώ.

481 3792 502 3885 ή
526 3799 653 3888 κορυφή
675 3800 733 3866 τοῦ
756 3796 962 3888 ὀρθογωνίου
975 3798 1155 3892 τραπεζίου
1176 3796 1331 3884 σχοινίων
1345 3796 1444 3877 ἐννέα,
1459 3791 1480 3884 ή
1494 3793 1596 3882 βάσις
1613 3827 1626 3865 ε

431 3915 465 3965 30
483 3897 639 3982 σχοινίων
664 3902 780 3989 τριῶν,
809 3901 867 3970 καί
888 3902 909 3992 ή
933 3903 1020 3990 πρὸς
1041 3900 1149 3994 ὀρθάς
1171 3899 1272 3970 αότοῦ
1293 3899 1420 3992 Ιπλευρά
1442 3895 1596 3981 σχοινίων

483 3997 526 4080 ς’·
553 3999 596 4067 τά
624 3999 665 4067 θ’
692 4003 752 4090 τῆς
778 4005 925 4093 κορυφῆς
944 4004 1003 4072 καί
1024 4006 1067 4072 τά
1090 4004 1123 4090 γ’
1144 4005 1204 4093 τῆς
1225 4001 1354 4088 βάσεως
1376 3995 1595 4080 συντιθέμενα

483 4099 630 4188 γίνονται
659 4102 729 4198 ιβ’·
745 4095 791 4171 ῶν
811 4106 851 4173 τό
873 4103 977 4197 ήμισυ
999 4103 1124 4195 γίνεται
1147 4103 1190 4188 ς’·
1211 4103 1315 4170 ταῦτα
1336 4099 1396 4168 ε’πί
1417 4099 1460 4164 τοί
1482 4097 1515 4179 ς’
1536 4102 1595 4186 τῆς
1702 4157 1703 4160 ,

553 4290 577 4342 θ.
595 4292 704 4360 γίνεται
716 4307 765 4344 om.
778 4291 799 4342 D
862 4293 887 4343 θ.
905 4293 1019 4361 σχοινία
1029 4287 1061 4360 γ’
1073 4301 1100 4344 et
1112 4292 1226 4360 σχοινία
1239 4283 1274 4341 ιε’
1287 4289 1309 4338 D
1363 4285 1404 4336 10.
1420 4280 1532 4353 μοόίαιν
1544 4278 1593 4346 ια’]

484 4370 687 4440 νῆτμοόίωνλ)
756 4367 813 4423 ιἸ)
883 4373 923 4424 12.
941 4368 1081 4445 (50'801)
1149 4362 1410 4442 ἡμίσεος]ἥμισυΑ
1480 4362 1520 4414 13.
1540 4358 1595 4412 ιἸ)

556 4454 596 4504 17.
609 4460 637 4504 et
648 4454 688 4504 21.
700 4449 729 4522 β’
742 4452 763 4503 D
848 4454 890 4505 21.
907 4449 1082 4523 βραχύτατον
1099 4469 1147 4504 om.
1161 4451 1182 4503 D
1262 4449 1303 4501 23.
1323 4443 1384 4503 ἑνὸς
1395 4439 1516 4514 ἑκάστου
1527 4438 1596 4517 τμή·
1617 4486 1621 4496 .

484 4549 576 4601 ματος
588 4548 636 4584 om.
650 4532 673 4585 A
751 4535 793 4586 24.
813 4535 984 4602 ίσοσκελοῦςΙ
998 4533 1119 4586 ίσοσθεν
1131 4531 1163 4585 δὲ
1175 4530 1197 4581 D
1265 4530 1307 4581 25.
1325 4522 1357 4579 τὸ
1370 4520 1467 4596 ἥμισυ]
1480 4525 1514 4577 τὰ
1526 4521 1562 4576 S''
1577 4523 1598 4573 D

555 4616 597 4668 28.
614 4614 727 4687 μοόίων
739 4611 813 4683 ιη’ῐ)
880 4616 922 4667 29.
941 4618 1056 4683 σχοινία
1068 4611 1103 4666 θ’
1116 4614 1137 4665 D
1206 4613 1248 4664 30.
1266 4607 1297 4680 γ’
1310 4610 1331 4661 D

532 4701 596 4742 ιΗετ.
610 4711 683 4751 geom.
699 4704 723 4744 et
736 4704 842 4743 stereom.
1380 4698 1396 4746 8
