3925 5742
784 795 1027 850 DEFINITIONES.
1428 801 1462 852 3³

347 945 456 1032 ὅμοια
478 946 594 1034 στερεά
615 945 768 1038 σχήματά
790 946 858 1017 είσι
879 951 923 1018 τά
936 948 1005 1017 ὑπὸ
1021 945 1145 1036 ὁμοίων
1159 950 1333 1022 έπιπέδων
1347 955 1463 1038 περιε-
1489 979 1502 1018 ε

345 1048 474 1136 χόμενα
494 1050 553 1117 καὶ
575 1045 698 1134 ὁμοίως
718 1048 887 1136 κειμένων.

434 1152 513 1232 Πᾶς
534 1150 573 1220 δέ
593 1150 710 1232 κύκλος
730 1153 833 1221 παντὶ
853 1150 1105 1242 κόκληιδμσιός
1126 1154 1199 1224 έστι
1213 1158 1262 1246 τῷ
1278 1153 1384 1225 ε’ίδει·4
1399 1155 1463 1241 μία
1489 1185 1503 1223 ι

348 1253 412 1343 γὰρ
433 1251 455 1343 ἡ
478 1251 607 1340 γένεσις
626 1253 686 1321 τοῦ
708 1254 825 1322 κύκλου
846 1254 906 1322 καί
927 1250 962 1322 ἓν
982 1257 1023 1324 τδ
1045 1250 1144 1338 εἶδος,
1187 1260 1253 1326 τῶν
1274 1259 1312 1326 δὲ
1331 1256 1464 1348 τμημά-Ι

312 1372 416 1430 5των
448 1350 509 1424 οόκ
541 1352 631 1424 ἔστιν
663 1352 684 1445 ἦ
717 1354 799 1446 αὕτη
814 1355 997 1447 ὁμοιότης,
1031 1356 1105 1426 ἀλλ’
1132 1355 1198 1427 ὅσα
1223 1360 1284 1446 μέν
1312 1357 1381 1444 ἔχει
1406 1360 1465 1450 τήν

350 1453 474 1543 ὁμοίαν
495 1454 614 1542 κλίσιν,
635 1457 788 1527 τουτέστι
808 1460 869 1541 τὰς
890 1459 925 1529 ἐν
939 1458 1053 1541 αὐτοῖς
1068 1459 1189 1549 γωνίας
1203 1458 1362 1551 ἀλλήλαις
1375 1458 1464 1543 ἴσας,

349 1560 456 1627 ταῦτα
482 1559 767 1646 καλεῖταιὸμοια.
812 1558 870 1646 οδχ
894 1559 997 1647 ὅμοια
1020 1563 1120 1630 δὲτὰ
1141 1591 1186 1654 μη
1211 1563 1315 1645 ου’τως
1337 1561 1492 1648 ἔχοντα.
1516 1622 1519 1629 .

352 1660 590 1753 [παραπλήσια
617 1659 705 1731 55’'
682 1689 751 1749 εχει
776 1689 835 1732 και
825 1662 918 1732 ἐπὶ
938 1666 1003 1732 τῶν
1017 1659 1133 1731 άλλων
1150 1662 1328 1735 ἐπιπέδων
1348 1690 1385 1734 τε
1406 1665 1465 1734 καὶ
1516 1650 1519 1671 ’

351 1770 495 1856 στερεων
517 1763 711 1856 σχημάτων]

298 1920 333 1970 10
503 1901 579 1990 ριζῖ
623 1903 813 1994 Περιτου
834 1901 873 1970 ἐν
893 1904 1116 1991 μεγέθεσιν
1138 1902 1319 1994 απείρου.
1474 1903 1534 1966 119

439 2002 602 2091 Μέγεθός
622 2003 696 2073 έστι
717 2005 756 2071 τδ
779 2001 996 2090 αὐξανόμενον
1016 2007 1074 2075 καὶ
1092 2006 1289 2094 τεμνόμενον
1302 2003 1351 2088 είς
1365 2003 1464 2076 άπει-
1490 2020 1504 2028 “’
1554 2035 1557 2040 ’

351 2131 419 2195 ρον.
465 2102 539 2195 ε’ίδη
562 2106 601 2174 55
622 2103 725 2175 αὐτοῦ
744 2106 771 2194 γ
779 2133 787 2149 ·
810 2109 951 2196 γραμμή,
967 2107 1162 2201 ἐπιφάνεια,
1179 2109 1317 2200 στερεόν.
1347 2104 1465 2187 ιάπει-

351 2233 411 2296 ρον
439 2205 478 2275 δέ
504 2206 578 2276 ἔστι
605 2206 759 2295 μέγεθος,
788 2201 828 2277 οὗ
853 2209 966 2295 μεῖζον
994 2208 1096 2278 ου’θδν
1122 2217 1247 2281 νοεῖται
1269 2207 1465 2289 καθ’,ὑπό-

352 2331 474 2378 στασιν
494 2307 748 2401 ἦλικηνδήποτε,
771 2307 857 2379 ὥστε
876 2311 981 2400 μηδὲν
1003 2306 1090 2382 εἶναι
1112 2311 1213 2383 αδτοῦ
1235 2313 1350 2403 πέρας.

298 2480 333 2529 15
530 2463 603 2554 ριηῖ
646 2464 747 2553 Περὶ
768 2471 839 2533 τοῦ
860 2465 900 2534 έν
920 2468 1117 2553 μεγέθεσι
1137 2468 1292 2557 μέρους.
1445 2488 1448 2495 ’
1476 2477 1535 2540 120

443 2562 559 2652 Μέρος
579 2564 652 2633 ἐστὶ
672 2563 836 2654 μεγέθους
856 2592 896 2634 το
885 2564 1052 2636 ἔλαττον
1066 2593 1122 2637 του
1107 2565 1332 2656 μείζονος,”
1313 2594 1391 2696 οταν
1405 2592 1465 2635 κα-

351 2669 556 2757 ταμετρῆται
577 2692 616 2735 το
606 2664 782 2754 μεῖζον
769 2668 889 2752 ισάκις.

441 2768 584 2860 Εἴρηται
612 2769 649 2838 δέ
674 2771 713 2838 τδ
739 2770 838 2861 μέρος
864 2779 920 2842 νῦν
942 2769 1017 2842 οότε
1038 2769 1083 2855 ὣς
1104 2773 1228 2860 κόσμου
1250 2771 1390 2863 μέρος
1370 2800 1390 2864 η
1414 2774 1465 2901 γη,
1492 2806 1505 2843 ν

353 2897 433 2940 ουτε
459 2866 504 2953 ὥς
532 2869 715 2964 ανθρώπου
743 2874 886 2966 κεφαλή,
921 2865 1004 2944 άλλά
1029 2878 1094 2967 μην
1119 2873 1197 2949 οὐδὲ
1224 2873 1269 2957 ὡς
1294 2883 1353 2966 τῆς
1381 2877 1467 2967 πρδς

297 2993 333 3042 20
353 2970 467 3067 ὀρθάς
492 2976 533 3066 τῇ
559 2974 728 3065 διαμέτρῳ
755 2978 815 3046 τοῦ
840 2974 1003 3047 κόκλου’
980 2976 1046 3047 απ’
1067 2974 1170 3066 άκρας
1192 2975 1352 3069 ἀγομένης
1372 2977 1466 3066 λέγο-

352 3101 415 3162 μεν
446 3076 544 3166 μέρος
577 3070 663 3146 εἶναι
696 3080 755 3168 την
787 3077 879 3161 ίνιδς
906 3083 967 3149 τοῦ
995 3078 1191 3171 ἡμικυκλίου
1221 3081 1468 3170 λαμβανομένην

353 3176 478 3267 γωνίαν
498 3180 556 3269 τῆς
576 3174 647 3250 ὖπδ
666 3187 726 3270 τῆς
747 3181 832 3269 πρός
854 3179 969 3271 ὀρθάς.
1016 3180 1177 3250 άδίνατον
1198 3181 1259 3271 γάρ
1282 3181 1375 3250 ἐστιν
1397 3180 1466 3250 δπδ

353 3280 479 3372 ταύτης
498 3287 558 3371 τῆς
580 3280 714 3369 γωνίας,
740 3279 816 3371 ἥτις
836 3284 1050 3373 κερατοειδῆς
1071 3285 1238 3366 καλεῖται,
1260 3308 1468 3374 καταμετρη-

354 3385 462 3473 θῆναι
492 3383 551 3473 τήν
584 3379 690 3473 ὀρθήν
724 3382 845 3474 [πάσης
877 3382 999 3473 γωνίας
1030 3383 1267 3478 εὐθυγράμμου
1296 3383 1469 3466 ἐλάττονος

301 3501 336 3551 25
355 3482 458 3575 υόσης
477 3491 537 3575 τῆς
556 3485 803 3577 κερατοειδοῦςῙ.
845 3487 968 3572 μᾶλλον
994 3479 1051 3555 οὖν
1071 3487 1111 3556 τδ
1132 3487 1168 3558 δν
1187 3487 1347 3576 μεγέθεσι
1368 3487 1469 3576 μέρος
1494 3516 1507 3556 ε

354 3585 417 3658 ἐπὶ
445 3594 513 3656 τῶν
542 3583 741 3676 ὁμοιογενῶν
765 3587 964 3677 ληψόμεθα,
992 3591 1051 3658 καὶ
1079 3589 1184 3671 οὕτως
1209 3589 1346 3683 ἐροῦμεν
1372 3589 1421 3683 τό
1434 3587 1469 3658 δν

354 3689 519 3779 μεγέθεσι
545 3688 642 3779 μέρος
668 3687 713 3770 ὦς
737 3689 798 3778 την
822 3691 882 3757 τοῦ
906 3689 1019 3781 τρίτου
1050 3688 1160 3782 ὀρθῆς
1176 3684 1308 3781 γωνίαν
1333 3692 1469 3781 λέγομεν

355 3795 417 3884 τῆς
441 3790 549 3884 ὀρθῆς
573 3793 673 3881 μέρος
699 3784 794 3859 εἶναι.
837 3793 960 3883 τὸγὰρ
982 3795 1211 3886 σοφισμάτων
1232 3793 1335 3865 ἐκεῖνο
1357 3819 1468 3885 παρα·
1494 3825 1509 3864 ι

429 4061 452 4110 1.
472 4053 559 4129 ὅμοια
569 4058 617 4123 Da,
630 4053 736 4128 ὁμοίως
746 4056 806 4108 libri
903 4051 933 4108 3.
946 4051 1054 4128 ὅμοιός]
1069 4054 1206 4120 ὀμοίωςΒ
1291 4058 1353 4123 εἴδη
1365 4054 1385 4107 Β

358 4143 382 4194 6.
402 4140 536 4208 κλῆσινίί
608 4136 704 4198 αὐτοῖς
714 4139 775 4190 libri
785 4138 826 4190 Da
902 4137 925 4188 8.
945 4140 1203 4210 παραπλησίως’ὒσ
1280 4140 1320 4190 12.
1340 4135 1371 4207 γ’
1384 4138 1411 4202 Β,
1423 4138 1470 4205 γί-

356 4239 436 4286 νετας
447 4222 478 4286 F,
491 4223 555 4292 τρία
565 4222 606 4272 Da
662 4222 702 4273 14.
715 4215 811 4287 ὑίικὴν
823 4220 913 4285 (tribus
925 4230 1009 4287 punct.
1025 4223 1088 4286 not.)
1101 4218 1208 4287 δήποτε
1220 4219 1241 4271 F
1295 4220 1334 4271 16.
1349 4233 1469 4287 καταμε-

356 4307 465 4374 τρεῖται
476 4303 508 4367 Β,
521 4303 586 4353 idem
598 4302 628 4366 F,
646 4303 690 4352 ευδ
701 4319 717 4353 ιι
729 4317 776 4368 pro
789 4317 814 4353 ει
825 4310 982 4366 correctum,
999 4306 1166 4371 καταμετρεῖ
1174 4303 1222 4365 δα,
1233 4302 1299 4352 undo
1311 4300 1469 4373 καταμετρῇ

358 4386 494 4450 legendum
501 4384 610 4447 videtur,
624 4383 745 4450 siquidem
757 4384 789 4432 εδ
798 4382 923 4448 passivam
932 4382 1039 4434 sormam
1049 4384 1188 4450 requiritur
1197 4379 1254 4434 ὑπὸ
1265 4383 1314 4434 τοῦ
1323 4378 1471 4441 ἐλάττονος

401 4467 471 4517 17.
492 4461 592 4528 ἰσάκις]
605 4461 654 4514 ίσιι
666 4462 696 4527 F,
714 4460 774 4514 ίσαι
785 4464 813 4528 Β,
826 4480 873 4515 om.
886 4464 927 4514 Da
1010 4466 1049 4516 19.
1068 4454 1470 4534 ὦςτῆςοω.1’,ὡττῇδειία

358 4546 475 4611 marg.l⁴¹
544 4547 587 4598 21).
604 4546 638 4617 τῇ
650 4544 792 4615 διαμέτρῳ
803 4547 850 4609 Da,
863 4541 879 4609 ἡ
892 4541 1044 4616 διάμετρος
1057 4547 1115 4597 libri
1195 4544 1237 4597 21.
1255 4541 1334 4602 ἐντὸς
1345 4543 1413 4608 libri,
1426 4543 1470 4595 ἐκ·

358 4626 461 4687 τὸςίλα
528 4629 570 4681 22.
587 4628 634 4695 τῆς
645 4636 704 4679 ωηο
716 4624 775 4679 ὑπὸ
786 4627 843 4679 εδδ.
855 4629 894 4680 Ha
962 4629 1005 4681 27.
1024 4624 1114 4698 ὀρθὴν
1125 4627 1263 4698 γωνίανΙί
1316 4625 1359 4679 28.
1378 4642 1470 4694 παρα·

415 4715 471 4756 Her.
485 4724 558 4765 ςεοιιι.
573 4717 598 4756 ετ
610 4717 716 4756 τίετεουι.
1254 4717 1269 4766 3
