3925 5742
894 812 1138 867 οεειιυτιοκεε.
1551 818 1569 865 ο
1612 888 1614 892 J

457 968 615 1058 ἐλαχίστη
643 967 716 1036 ἐστὶ
745 967 809 1035 τῶν
829 967 872 1034 τό
894 962 979 1033 αὐτοὶ
1001 968 1132 1057 πέρατα
1153 967 1296 1051 ἐχουσῶν
1313 969 1491 1056 γραμμῶν·
1514 968 1572 1035 καί

457 1065 499 1162 ἧς
526 1070 639 1139 ποίντα
663 1070 706 1137 τὰ
731 1068 812 1161 μέρη
838 1068 926 1136 πᾶσι
952 1072 1024 1149 τοῖς
1043 1069 1158 1155 μέρεσι
1183 1066 1350 1148 παντοίως
1370 1068 1573 1161 ἐφαρμόζειν

459 1173 605 1265 πέφυκε·
628 1171 686 1239 καὶ
707 1172 772 1240 τῶν
792 1163 944 1258 περάτων
963 1171 1125 1256 μενόντων
1146 1173 1204 1240 καί
1227 1167 1309 1260 αὐτὴ
1323 1172 1477 1257 μένουσα,
1500 1164 1573 1242 οἷον

459 1277 493 1345 ἐν
514 1279 566 1366 τῶ
588 1273 679 1365 αὐτῷ
700 1273 858 1364 ἐπιπέδῳ
881 1273 1099 1363 στρεφομένη·
1121 1272 1180 1341 καὶ
1194 1274 1274 1365 περὶ
1288 1275 1330 1341 τοὶ
1345 1271 1428 1343 αὐτό
1442 1276 1572 1363 πέρατα

423 1396 437 1443 5
457 1381 517 1447 τόν
540 1375 643 1448 αὐτόν
659 1374 719 1446 ’ὐεί
740 1376 847 1446 τόπον
868 1370 998 1459 ἒῇιουσα.
1043 1371 1118 1443 οὐτε
1140 1375 1177 1444 δέ
1197 1374 1260 1463 μία
1281 1373 1398 1444 εὐθεῖα
1420 1373 1494 1446 οὐτε
1513 1377 1573 1446 δύο

459 1482 574 1571 σχῆμα
595 1480 754 1549 τελοῦσιν.
1075 1495 1076 1500 ’

672 1663 707 1732 ε’.
754 1661 867 1744 Τίνες
889 1661 930 1731 αὶ
950 1663 1142 1731 κυκλικαὶ
1164 1661 1361 1755 γραμμαί,·
1601 1676 1620 1736 6

545 1783 715 1853 Κυκλικαί
738 1784 886 1873 γραμμαί
907 1779 993 1866 εἰσιν
1014 1779 1094 1851 ὅσαι
1115 1782 1196 1871 περὶ
1218 1781 1253 1851 ἐν
1274 1787 1414 1873 σημεῖον,
1432 1807 1571 1874 περιφε-

457 1890 526 1980 ρῶς
553 1884 612 1956 ἐπ’
634 1884 733 1975 ὐίκρον
752 1884 930 1971 Ιτεταμέναι
953 1881 1132 1974 ἢκόκλονς
1152 1880 1175 1975 ἢ
1196 1885 1279 1975 μέρη
1302 1883 1427 1952 κίκλων
1449 1882 1572 1954 ὐποτε-

409 2009 438 2058 10
457 1993 569 2074 λοῦσι,
590 1989 693 2075 μόναι
714 1994 781 2057 τῶν
800 1984 906 2055 ὐίλλων
920 1989 1077 2077 γραμμῶν
1090 1987 1258 2076 σχήματος
1272 1980 1370 2056 οὐσαι
1385 1986 1571 2078 ποιητικαί.

655 2174 699 2259 ς’.
748 2175 863 2255 Τίνες
885 2172 925 2243 αἱ
947 2175 1161 2261 καμπύλαι
1182 2173 1380 2266 γραμμαί,·
1590 2180 1619 2239 ·7

551 2297 625 2364 Τῶν
648 2296 685 2390 δὲ
706 2292 886 2382 καμπύλων
908 2296 1065 2381 γραμμῶν
1087 2291 1161 2363 ἐστι
1181 2293 1294 2381 μέντοι
1316 2295 1450 2384 πλῆθος
1472 2292 1573 2363 ὐίπει-

459 2424 526 2487 ρον.
573 2396 609 2466 αί
629 2399 689 2483 μὲν
710 2397 772 2485 γᾶρ
794 2396 854 2465 ἐπὶ
874 2399 918 2463 τό
940 2394 1025 2465 αὐτὰ
1045 2393 1129 2488 μέρη
1152 2399 1194 2468 τὰ
1209 2401 1304 2467 κοῖλα
1318 2394 1460 2482 ἔχουσιν,
1483 2395 1518 2466 αἱ
1534 2399 1573 2466 όέ

460 2495 509 2567 οὐ.
554 2500 617 2570 ἐπί
642 2500 686 2567 τό
714 2496 798 2566 αὐτὰ
824 2499 884 2584 μὲν
906 2493 962 2566 οὐν
988 2496 1081 2589 κοίλη
1110 2500 1243 2590 γραμμή
1269 2500 1372 2583 ἐστιν,
1402 2499 1482 2569 όταν
1510 2499 1571 2568 δύο

414 2624 441 2674 15
459 2599 608 2692 σημείων
633 2600 825 2692 ληφθέντων
849 2596 951 2689 αὐτῆς
978 2599 1164 2692 ὁποιωνοῦν
1189 2601 1210 2693 ἦ
1232 2603 1276 2671 τό
1295 2602 1572 2693 σημείαέπιζευ-

461 2704 605 2790 γνόουσα
626 2701 744 2771 εὐθεῖα
765 2699 841 2792 ἤτοι
862 2699 938 2770 κατ’
961 2701 1062 2792 αὐτῆς
1082 2702 1194 2796 πίπτγγ
1215 2708 1275 2794 τῆς
1295 2703 1456 2795 γραμμῆς,
1477 2701 1500 2794 ἢ
1521 2703 1572 2774 ἐν·

460 2806 526 2889 τός,
549 2805 646 2886 ἐκτὸς
669 2804 706 2874 δὲ
718 2805 896 2895 μηόέποτε.
931 2802 990 2873 οὐκ
1004 2804 1065 2873 ἐπὶ
1078 2806 1121 2872 τοὶ
1136 2802 1220 2874 αὐτὰ
1234 2805 1316 2896 μέρη
1331 2804 1425 2896 κοίλη
1439 2806 1572 2897 γραμμή

461 2909 553 2977 ἐστιν
575 2905 597 2998 ἦ
621 2904 679 2993 οὐχ’
700 2905 804 2988 οότως
824 2905 954 2992 ἔχοντα.

645 3096 684 3178 ζ’.
729 3093 846 3177 Τίνες
868 3093 909 3164 σί
931 3094 1174 3176 ἓλικοειόεῖς
1195 3096 1392 3186 γραμμαίς
1602 3107 1621 3168 8

422 3240 446 3291 ιο
538 3215 638 3299 Ἔλιξ
669 3217 706 3285 δὲ
731 3216 864 3306 γραμμή
890 3215 982 3284 ἐστιν
1008 3213 1041 3283 ἐν
1067 3215 1224 3305 ἐπιπέδῳ
1252 3218 1325 3302 μὲν,
1352 3216 1410 3285 ἐὰν
1437 3215 1573 3299 εὐθείας

462 3319 621 3409 μενούσης
641 3320 699 3387 τοῦ
722 3315 833 3407 ἐτέρου
855 3319 1001 3409 πέρατος
1021 3319 1079 3387 καί
1094 3319 1285 3410 κινουμένης
1298 3317 1332 3388 ἐν
1344 3327 1394 3410 τῷ
1408 3320 1572 3413 ἐπιπέδῳ,

463 3422 524 3505 ἕως
550 3414 583 3488 όν
612 3417 659 3500 είς
683 3420 723 3489 τό
746 3417 827 3488 αὐτό
849 3419 953 3488 πόλιν
975 3418 1245 3512 ἀποκατασταθῇ
1249 3473 1258 3505 ,
1288 3421 1429 3512 φέρηταί
1455 3449 1490 3493 τι
1512 3446 1571 3515 ση-

463 3531 553 3612 μεῖον
575 3521 647 3592 ὐπό
669 3528 727 3591 τοῦ
747 3523 901 3608 μένοντος
922 3521 1069 3614 πέρατος
1090 3521 1171 3609 ὁμοῦ
1193 3520 1373 3615 όρξοίμενον
1386 3526 1428 3616 τῇ
1443 3523 1569 3619 εὐθείῳ.

463 3628 519 3696 καί
543 3625 563 3716 ἡ
586 3625 647 3712 μὲν
669 3621 740 3693 ὐπὸ
758 3623 880 3715 ταύτης
899 3625 958 3714 τῆς
980 3623 1117 3706 εὐθείας
1141 3627 1290 3718 γινομένη
1306 3628 1438 3719 γραμμή
1454 3629 1572 3710 κύκλος

424 3745 447 3796 ²5
464 3726 575 3811 ἔσται,
605 3724 626 3817 ἦ
655 3727 693 3796 aa*
719 3723 790 3795 ὐπὸ
815 3730 875 3796 τοῶ
899 3728 960 3817 τῆς
986 3724 1122 3809 εὐθείας
1142 3729 1322 3819 φερομένης
1343 3729 1479 3821 σημείου
1501 3729 1574 3814 ἕλιξ

464 3834 622 3901 καλεῖται.
672 3843 674 3847 ’

544 3929 623 4000 Ἐὰν
637 3930 980 4024 παραλληλογράμμου
997 3930 1188 4021 όρθογῶνου
1203 3932 1361 4025 μενούοης
1374 3935 1456 4021 μιᾶς
1469 3937 1573 4003 πλευ·
1600 3973 1612 4012 2

534 4238 558 4287 1.
577 4230 725 4302 ἐλάχιστος
736 4233 805 4298 libri,
817 4248 886 4284 corr.
898 4233 939 4284 Da
985 4231 1111 4287 ἔστὶνΒΕ
1159 4235 1183 4284 2.
1202 4219 1293 4300 ἦσθα,
1306 4233 1346 4291 εἰς
1359 4235 1417 4285 libri
1464 4238 1487 4288 6.
1503 4232 1573 4304 σχή-

469 4317 574 4385 ματαΡ
631 4316 655 4367 8.
674 4314 781 4366 εὶσλΒῦ
835 4316 1026 4384 περιῳερῶνΒ
1084 4316 1122 4366 12.
1141 4315 1249 4384 μέντοι]
1262 4312 1388 4386 μὲντόῦ
1445 4317 1484 4368 15.
1505 4328 1572 4386 σχη-

470 4400 629 4466 φθέντωνΒ
706 4388 891 4449 όποιονοῧνῦ
969 4398 1009 4449 16.
1029 4401 1128 4451 πίπτει
1138 4397 1198 4448 libri
1276 4398 1316 4448 17.
1335 4398 1414 4463 κοίλη
1427 4399 1506 4450 om.B

473 4480 506 4531 18.
526 4478 578 4531 οὐκ
591 4478 640 4544 FB,
654 4482 706 4530 σαι.-
716 4478 744 4543 C,
758 4481 802 4531 sed
815 4494 943 4545 suprascr.
956 4495 1008 4532 τεο.
1022 4496 1054 4532 m.
1097 4502 1100 4508 ·
1128 4480 1170 4531 22.
1189 4472 1226 4531 ἂν
1238 4479 1356 4532 omissum
1368 4480 1392 4529 in
1404 4480 1478 4533 libris
1489 4483 1573 4533 addidi

473 4561 562 4613 collato
575 4576 630 4627 τερ.
644 4563 676 4613 22
688 4566 755 4611 extr.
826 4561 866 4611 24.
885 4561 1029 4630 γινομένη]
1042 4560 1225 4630 κινουμένηθ
1294 4554 1522 4628 κιίκλοςΙνιοιλήθι

474 4641 509 4692 25.
528 4642 579 4694 τοῦ
591 4642 672 4693 0111.ss
740 4642 915 4713 φερομένηθ
985 4644 1026 4695 27.
1046 4640 1386 4712 ὐρθογωνίουθίαιαεεε.
