3925 5742
758 798 852 849 LIBER
874 796 1090 850 GEEPONIGUS.
1430 803 1479 852 233

454 949 529 1019 Ἐὰν
552 951 589 1020 δὲ
609 946 632 1042 ᾖ
653 952 773 1038 μόδιος
794 952 915 1032 ξεστῶν
935 948 1001 1037 κδ’,
1025 947 1044 1017 ὁ
1067 953 1198 1041 οττρεδς
1219 953 1305 1033 πούς
1327 949 1396 1037 ἔχει
1417 978 1479 1037 μο-
1498 979 1510 1017 ι

373 1053 466 1134 δίους
486 1053 525 1140 β’
547 1054 605 1120 καί
626 1054 744 1136 ξέστας
765 1052 807 1135 ς’.

454 1154 531 1222 Ἐὰν
553 1157 591 1223 δὲ
611 1151 631 1246 ᾗ
653 1155 770 1242 μόδιος
791 1156 911 1236 ξεστῶν
932 1155 997 1238 κδ’,
1025 1155 1043 1223 ό
1065 1157 1198 1246 στερεός
1218 1159 1305 1238 ποδς
1327 1153 1395 1241 ἔχει
1416 1180 1511 1242 pto-5

374 1258 469 1337 δίους
489 1257 535 1343 β’.
1271 1263 1279 1278 “

335 1387 352 1436 5
456 1357 532 1427 Ἐδν
559 1359 597 1427 δὲ
622 1354 644 1450 ᾗ
672 1358 691 1428 δ
716 1359 839 1445 μόδιος
865 1361 987 1441 ξεστῶν
1014 1360 1074 1442 κε’,
1103 1361 1122 1427 ό
1150 1363 1282 1451 στερεός
1307 1362 1391 1442 ποδς
1413 1357 1512 1444 ἔχετε

372 1460 494 1547 μοδίον
516 1461 551 1528 α’
574 1470 591 1529 C
614 1461 655 1548 7¹¹
678 1460 731 1529 ιε”
754 1461 801 1529 ν”.

456 1561 532 1630 Ἐδιν
554 1564 591 1632 δὲ
612 1559 633 1653 ᾖ
654 1564 775 1648 μόδιος
796 1565 916 1645 ξεστῶν
937 1563 1005 1653 κη’,
1028 1560 1046 1631 δ
1070 1566 1200 1654 στερεός
1222 1565 1308 1645 ποδς
1328 1564 1396 1649 ἔχει
1416 1565 1511 1650 μό-τ

375 1669 449 1734 διον
471 1665 507 1732 α’
530 1674 547 1733 C
571 1665 610 1748 ζ”
635 1665 703 1734 ιδ”.

458 1764 536 1835 Ἐὰν
562 1768 600 1836 δὲ
626 1761 647 1859 ᾗ
671 1767 795 1854 μόδιος
821 1771 941 1850 ξεστῶν
967 1768 1010 1852 λ’,
1033 1766 1052 1837 ό
1073 1769 1203 1859 στερεός
1225 1770 1309 1849 ποδς
1330 1766 1400 1852 ἔχει
1420 1769 1514 1855 μό-ι

321 1894 353 1946 ιο
376 1873 451 1939 διον
472 1869 506 1937 α’
529 1877 546 1937 t
571 1869 616 1936 ι”.

460 1969 536 2039 Ἐδν
564 1972 602 2040 δὲ
627 1965 649 2062 ἦ
676 1972 694 2040 δ
721 1971 840 2057 μόδιος
867 1973 988 2053 ξεστῶν
1013 1973 1077 2060 λό’,
1106 1970 1125 2042 ό
1155 1976 1284 2061 στερεός
1309 1974 1394 2054 ποδς
1417 1969 1514 2057 ἔχειν

375 2072 497 2159 μόδιον
519 2073 553 2141 α’
576 2082 604 2141 C.
650 2073 789 2154 ἕκαστος
810 2074 924 2163 ξέστης
946 2071 1017 2142 α’πδ
1039 2072 1177 2161 οόγμιῶν
1198 2073 1240 2142 κ’.

464 2180 528 2243 Δεῖ
553 2168 609 2243 οὖν
636 2170 723 2243 εἶναι
750 2176 810 2244 ἐπὶ
830 2184 890 2264 τῆς
909 2176 1095 2265 μετρήσεως
1115 2180 1181 2243 τῶν
1203 2175 1301 2265 ὁρίων
1321 2176 1379 2244 καί
1401 2179 1554 2262 λαμ-204

378 2276 490 2362 βοίνειν
511 2278 550 2346 τὸ
571 2277 717 2363 ἐμβαδὸν
737 2287 798 2345 τοῦ
819 2279 945 2358 παντὸς
966 2280 1025 2344 καί
1047 2283 1156 2345 ποιεῖν
1177 2278 1238 2346 ἐπὶ
1252 2281 1292 2347 τδ
1306 2278 1395 2370 ὕψος
1408 2275 1485 2367 ἤτοι

324 2404 356 2455 15
378 2380 440 2448 ἐπί
466 2381 506 2448 τό
534 2380 660 2466 βάθος·
688 2381 746 2446 καὶ
769 2378 848 2447 όταν
870 2377 965 2469 εὕρῃς
986 2380 1024 2446 τό
1047 2381 1178 2467 στερεόν
1199 2387 1259 2446 τοῦ
1281 2382 1407 2460 παντὸς
1428 2380 1484 2465 ἒμ-

378 2483 488 2566 βαδοῢ
518 2484 579 2570 τῆς
610 2478 810 2562 ἀποθέσεως
840 2484 899 2549 τοῦ
931 2479 1040 2563 σίτου,
1069 2480 1145 2549 τότε
1173 2483 1257 2570 πρός
1283 2483 1341 2550 τδν
1365 2481 1486 2568 μόδιον

378 2579 473 2652 ποίει
493 2584 536 2650 τὰ
556 2581 661 2668 μέτρα
683 2580 794 2664 οὕτως.
1490 2581 1493 2585 ’

462 2680 536 2751 Ἐὰν
556 2677 578 2774 ᾗ
601 2682 620 2751 δ
641 2683 762 2769 μόδιος
784 2686 905 2766 ξεστῶν
929 2684 982 2766 ις’,
999 2685 1100 2773 ,ποίει
1115 2687 1153 2753 τδ
1170 2688 1301 2775 στερεόν
1314 2688 1373 2755 τοῦ
1389 2684 1483 2754 σίτου
1503 2717 1516 2755 ν

379 2781 457 2876 ἤτοι
478 2788 605 2876 κριθῶν
625 2784 686 2854 ἐπὶ
707 2788 750 2853 τοὶ
766 2786 806 2873 y',
827 2789 885 2853 καὶ
899 2794 1055 2857 τοσοῦτοι
1069 2787 1185 2873 μόδιοι
1201 2788 1347 2857 ἔσονται·
1366 2787 1485 2876 ἐπειδὴ

324 2915 358 2965 20
380 2889 399 2959 ό
424 2889 554 2978 στερεὸς
582 2888 666 2967 ποδς
690 2892 790 2975 χωρεῖ
809 2887 949 2973 μοδίους
970 2889 1014 2976 γ’,
1043 2887 1180 2970 ἕκαστος
1202 2890 1319 2977 μόδιος
1342 2889 1411 2957 όπδ
1434 2891 1487 2970 ξε-
1560 2960 1562 2965 ,
1607 2885 1608 2888 '

380 2998 467 3060 στῶν
490 2989 549 3073 ις’,
573 2989 711 3071 ἕκαστος
731 2989 847 3079 ξόστης
869 2988 1008 3077 οόγμῶν
1029 2992 1070 3059 κ’.

461 3090 538 3160 Ἐὰν
565 3092 603 3160 δὲ
628 3085 650 3183 ᾗ
673 3090 691 3160 ὁ
718 3091 839 3178 μόδιος
865 3094 987 3174 ξεστῶν
1012 3093 1069 3182 ιη’,
1097 3091 1193 3160 ποίει
1214 3095 1253 3162 τό
1277 3095 1407 3182 οτερεδν
1427 3098 1516 3165 τοῦτ

379 3194 475 3284 σίτου
496 3192 573 3285 ἤτοι
593 3195 733 3283 κριθῶν,
762 3195 879 3274 κοδώς
900 3195 1163 3283 προγέγραπται,
1187 3195 1247 3263 ἐπὶ
1268 3196 1311 3262 τοὶ
1333 3194 1370 3282 β’
1393 3202 1410 3262 t
1434 3193 1486 3277 ς”,

379 3298 438 3365 καί
458 3301 613 3365 τοσοῦτοι
633 3295 751 3381 μόδιοι
773 3293 913 3364 ἔσονται.

325 3424 359 3474 25
463 3395 538 3464 Ἐὰν
566 3389 650 3488 δέᾗ
678 3397 697 3465 ό
724 3397 844 3483 μόδιος
869 3399 990 3479 ξεστῶν
1015 3398 1058 3482 κ’,
1086 3397 1182 3466 ποίει
1209 3399 1248 3466 τδ
1275 3399 1405 3486 στερεόν
1425 3398 1520 3470 τοῦι

379 3501 550 3585 ποδισμοῦ
575 3499 636 3567 ἐπὶ
660 3500 705 3566 τοὶ
726 3500 762 3585 β’
784 3500 825 3587 γ”
848 3500 912 3581 ιε”,
938 3500 999 3568 καί
1019 3502 1173 3568 τοσοῦτοι
1199 3497 1331 3567 ἔσονται
1356 3499 1485 3585 μόδιοι.

462 3598 540 3669 Ἐὰν
565 3602 603 3670 δὲ
629 3594 652 3692 ᾗ
680 3598 698 3670 ὁ
723 3600 846 3688 μόδιος
866 3603 988 3682 ξεστῶν
1013 3603 1072 3685 κε’,
1103 3601 1194 3669 ποίει
1216 3602 1254 3669 τδ
1278 3603 1407 3691 στερεόν
1427 3609 1518 3670 τοῦτ

365 3704 553 3789 ’ποδισμοῠ
585 3703 646 3772 ἐπὶ
677 3704 719 3770 τό
752 3702 786 3770 α’
814 3710 831 3770 C
861 3702 904 3791 y''
931 3703 984 3772 ιε”
1011 3704 1060 3788 ν”,
1088 3706 1146 3772 καί
1172 3710 1327 3772 τοσοῦτοι
1355 3700 1487 3772 ἔσονται

379 3806 508 3892 μόδιοι.

327 3933 360 3983 30
463 3903 538 3974 Ἔδν
565 3905 603 3974 δὲ
629 3899 651 3999 ᾗ
679 3906 697 3976 ὁ
721 3906 841 3993 μόδιος
868 3908 988 3990 ξεστῶν
1009 3907 1072 3998 κη’,
1099 3905 1195 3976 ποίει
1216 3909 1255 3976 τό
1279 3907 1409 3995 στερεόν
1429 3908 1558 3974 τοῶ205
1656 3934 1659 3939 ·

381 4010 552 4094 ποδισμοῦ
577 4012 636 4098 τῆς
663 4008 863 4091 ἀποθέσεως
887 4012 946 4078 τοῦ
972 4007 1064 4077 σίτου
1091 4004 1167 4097 ἤτοι
1194 4011 1323 4095 κριθῶν
1344 4009 1403 4075 διδ
1424 4010 1489 4074 τῶν

453 4273 475 4324 1.
496 4266 738 4352 ξεοσιειιιιοο
801 4264 982 4333 ις’]ιιεκ
1053 4226 1234 4332 τοτ’]υο
1293 4261 1488 4329 nemete

454 4358 493 4408 15.
511 4351 557 4409 ὅτε
577 4351 708 4424 εὕρειςῦ
788 4349 951 4424 ἔμβαδὸυῦ
1045 4354 1083 4404 19.
1102 4348 1148 4418 ἥτε
1169 4349 1280 4422 κριθῦ
1348 4344 1489 4409 τοσούτων

379 4436 528 4507 μοδίωυῦ
596 4437 638 4488 22.
657 4434 769 4487 ποιεῖῦ
839 4435 880 4486 23.
898 4429 1072 4505 ἥτεκριθ“ῦ
1141 4434 1181 4483 24.
1194 4425 1336 4490 τοσούτων
1346 4429 1421 4499 μοίὶ

381 4540 424 4591 26.
437 4535 579 4594 τοσούτων
591 4538 783 4608 ἕοοντοιιμοίὶ
835 4538 877 4591 28.
891 4533 937 4590 ιε”
951 4554 999 4589 σοι.
1013 4538 1035 4589 G
1087 4507 1320 4589 roaofirmloovrm
1328 4527 1375 4602 μο’
1386 4531 1408 4584 G
1421 4533 1490 4597 (item

380 4621 471 4689 pm,
485 4621 509 4685 l)
560 4622 602 4674 31.
614 4615 688 4690 κριδ“
704 4619 726 4670 G
737 4620 805 4683 (item
814 4636 838 4686 p.
845 4620 903 4684 234,
909 4620 935 4684 2)
994 4617 1012 4671 δ
1014 4614 1084 4684 ιὰ]Λ
1089 4635 1144 4669 eum
1154 4628 1214 4672 nota
1223 4618 1369 4684 compendii,
1377 4626 1429 4669 tum
1439 4611 1488 4669 &G
