3925 5742
774 786 979 841 amomum
1385 788 1432 840 ων
1462 858 1464 861 ρ

319 945 364 1012 εδ
392 943 454 1035 ‘jn'
480 939 520 1024 ζ”
547 939 605 1009 ιδ”
632 937 718 1008 έστω
748 946 809 1008 τοῦ
838 937 989 1025 μείζονος
1013 937 1184 1028 τμήματος
1209 939 1247 1007 τδ
1274 939 1433 1078 ίμβαδύν·

320 1040 367 1114 ὧν
388 1048 429 1115 τδ
450 1041 554 1133 ἥμισυ
577 1039 674 1110 έσται
695 1069 715 1111 ο
703 1040 910 1128 Ἣμοδισμός

414 1146 481 1236 Τήν
509 1143 549 1214 δέ
580 1143 777 1234 περίμετρον
804 1149 865 1212 τοῦ
892 1141 970 1212 ὅλου
996 1141 1117 1209 κύκλου
1143 1137 1258 1230 εὑρεῖν
1292 1141 1464 1232 ποίησονι

320 1250 384 1338 τήν
416 1247 595 1336 διάμετρον
624 1244 812 1333 τρισούκις·
845 1243 994 1332 γίνονται
1025 1243 1093 1311 λθ’·
1125 1242 1257 1324 τούτοις
1282 1243 1434 1333 πρόσθες

283 1369 300 1418 5
321 1353 383 1419 καὶ
403 1351 444 1419 τὸ
466 1349 507 1431 ζ”
528 1350 594 1416 ταῖν
616 1348 666 1433 ιγ’Ἰ
685 1345 785 1437 ἤγουν
806 1347 842 1415 α’
863 1345 920 1414 ω”·
936 1346 979 1428 ζ”
1000 1344 1076 1412 κα”·
1098 1342 1246 1432 γίνονται
1272 1345 1356 1432 ὁμοῦ
1374 1371 1433 1432 μο-

320 1455 423 1533 νάδες
442 1451 686 1540 τεσσαράκοντα
708 1447 860 1539 δίμοιρον
882 1447 1026 1535 ἕβδομον
1047 1444 1196 1515 είκοστδν
1209 1451 1358 1536 πρῶτον·
1376 1473 1434 1515 το-

322 1555 451 1624 σούτων
482 1549 636 1640 σχοινίων
667 1548 689 1640 ἦ
722 1552 919 1640 περίμετρος
948 1552 1010 1619 τού
1041 1550 1175 1618 κύκλου·
1207 1548 1278 1618 α’πδ
1310 1549 1434 1618 τούτων

321 1656 463 1738 ύπέξελε
489 1656 548 1723 τδν
573 1650 720 1743 ύριθμδν
746 1655 805 1742 τῆς
831 1650 1047 1744 περιφερείας
1073 1659 1132 1720 τοῦ
1157 1650 1333 1732 έλύσσονος
1352 1650 1433 1741 τμή.

322 1784 445 1845 ματος,
472 1754 511 1837 ύς
536 1755 610 1825 ἐστι
636 1755 723 1823 κατὰ
747 1752 806 1845 τήν
831 1757 1083 1845 προχραφεῖοαν
1108 1752 1257 1838 μέθοδον
1284 1750 1436 1836 σχοινίων

272 1877 303 1926 ιο
324 1860 370 1929 ιε’
392 1860 437 1948 γ”
459 1859 529 1946 ιβ”·
555 1856 615 1925 καὶ
641 1857 684 1923 τὰ
711 1855 1022 1946 περιλιμπανύμενα
1046 1852 1145 1945 ἤγουν
1171 1855 1214 1922 τδ
1239 1855 1289 1922 κε’
1311 1852 1353 1941 y''
1375 1853 1434 1940 ιβ”

322 1962 393 2048 μβ”
408 1957 543 2032 ἔσται-δ,
550 1957 702 2048 ἀριθμὸς
714 1964 775 2046 τῆς
789 1957 1007 2048 περιφερείας
1019 1959 1078 2026 τού
1091 1956 1240 2043 μείζονος
1253 1956 1433 2046 τμήματος.

400 2062 536 2153 Ἕτερον
556 2065 669 2154 τμῆμα
689 2066 802 2151 μεῖζον
822 2063 1034 2155 ἡμικυκλίου,
1056 2057 1094 2134 οὗ
1115 2062 1135 2155 ἡ
1157 2063 1260 2151 βύσις
1280 2062 1434 2147 σχοινίσιν
1449 2070 1489 2130 97

322 2166 391 2234 κδ’.
436 2163 540 2254 εύρεῖν
557 2164 661 2235 ἀὐτοῦ
681 2168 722 2237 τὸ
742 2167 904 2253 έμβαδύν·
927 2166 1023 2235 ποίει
1038 2164 1155 2246 ούτως·
1177 2163 1277 2257 ἤχθω
1290 2164 1435 2245 κάθετος

323 2269 385 2336 διὰ
406 2270 467 2335 τοῦ
487 2267 619 2358 κέντρου
640 2268 699 2337 έπί
720 2271 780 2359 τήν
800 2270 915 2356 βύσιν,
941 2267 1016 2359 ἥτις
1037 2267 1109 2337 ίστί
1131 2269 1215 2355 πρὸς
1238 2265 1353 2354 δρθύς,
1375 2268 1434 2336 καί

272 2389 303 2438 15
323 2373 533 2459 μετρηθεῖσα
558 2367 644 2438 έστιο
669 2370 823 2454 σχοινίων
853 2370 910 2453 ις’·
943 2371 1001 2439 καὶ
1030 2364 1435 2459 προσαναπληρούσθωδ

322 2471 446 2549 κύκλος
466 2471 525 2538 καί
546 2468 762 2562 ἐκβεβλήσθω
783 2473 930 2552 κάθετος
950 2474 1009 2539 καὶ
1031 2468 1266 2561 διαιρείτω-είς
1279 2469 1339 2537 δύο
1353 2469 1433 2559 μέρη

322 2573 369 2639 τοὶ
401 2573 463 2661 τῆς
490 2572 633 2658 βοίσεως·
667 2573 713 2654 ὥς
740 2567 826 2642 εἶναι
851 2576 895 2642 τοὶ
920 2580 981 2643 τοῦ
1008 2571 1081 2654 ἓνδς
1106 2572 1276 2662 τμήματος
1303 2570 1435 2655 σχοινία

324 2673 387 2760 ιβ’·
415 2675 519 2741 ταῦτα
545 2671 606 2764 ἐφ’
632 2672 735 2743 ἑαυτὰ
762 2676 908 2763 γίνονται
934 2674 1020 2764 ρμδ’·
1052 2674 1156 2742 ταῦτα
1181 2674 1318 2763 μέρισον
1342 2672 1435 2761 παρὰ

322 2775 368 2842 τὰ
390 2775 440 2857 ις’
457 2776 520 2865 τῆς
540 2776 703 2845 καθέτου·
730 2770 875 2865 γίνονται
902 2777 952 2846 θ’·
978 2776 1144 2846 τοσούτων
1163 2771 1260 2844 ἔσται
1281 2773 1435 2859 σχοινίων

272 2873 345 2966 2οῆ
369 2877 598 2967 έπιβληθεῖσα
617 2881 660 2968 τῇ
680 2879 832 2971 καθέτῳ·
854 2877 899 2959 ὡς
920 2873 1007 2948 εἶναι
1029 2877 1114 2964 δμοῦ
1127 2878 1186 2968 τήν
1201 2874 1278 2965 ὅλην
1291 2876 1436 2945 κύθετον

323 2974 405 3067 ἤτοι
431 2978 609 3066 διάμετρον
634 2979 789 3063 σχοινίων
811 2979 1033 3050 εἰκοσιπέντε·
1058 2982 1162 3048 ταῦτα
1184 2976 1241 3068 ἐφ’
1262 2976 1364 3046 ἑαυτὰ
1385 2975 1435 3066 yi-

324 3105 440 3148 νονται
465 3081 547 3166 χκε’·
574 3082 679 3149 saiw
705 3083 839 3163 δεκάκις
865 3082 924 3150 καί
953 3081 1048 3164 ἅπαξ
1074 3080 1222 3170 γίνονται
1248 3079 1365 3166 ,ςωού
1388 3073 1436 3147 ὧν

324 3182 366 3250 τδ
388 3181 448 3250 ιδ”
468 3180 596 3270 γίνεται
621 3183 700 3271 υςα
723 3184 790 3253 ιδ”·
819 3183 986 3254 τοσούτων
1012 3180 1109 3251 ἔσται
1139 3178 1290 3267 σχοινίων
1315 3181 1356 3249 τὸ
1375 3180 1435 3266 ίμ-

325 3285 435 3370 βαδδν
454 3286 515 3354 τοῦ
535 3283 615 3355 ὅλου
635 3287 763 3356 κύκλου.

272 3401 305 3452 25
410 3383 485 3454 Ἐὰν
507 3386 546 3456 δέ
566 3387 671 3479 θέλῃς
691 3390 879 3458 διοιστεῑλοιι
900 3388 961 3454 καί
981 3386 1103 3477 γνῶναι
1125 3381 1220 3466 ἰδίως
1239 3385 1299 3451 τοῦ
1312 3408 1349 3451 τε
1361 3382 1433 3469 μεί-
1454 3413 1466 3451 ε

327 3489 422 3569 ζονος
442 3490 500 3556 καί
520 3491 579 3556 τοῦ
605 3490 740 3580 ἥττονος
760 3489 932 3580 τμήματος
952 3490 992 3556 τὸ
1012 3485 1172 3573 έμβαδύν,
1200 3483 1293 3554 ποίει
1317 3485 1435 3566 οὕτως·

325 3589 443 3677 μέτρει
473 3592 587 3681 τμῆμα
618 3591 736 3661 κύκλου
763 3584 863 3680 ἧττον
893 3586 1105 3680 ἡμικυκλίου,
1139 3582 1178 3656 οὗ
1205 3584 1225 3678 ἡ
1251 3589 1311 3674 μέν
1336 3587 1437 3674 βύσις

326 3687 483 3774 σχοινίων
503 3693 569 3779 κδ’,
593 3689 615 3782 ἡ
639 3694 677 3762 δέ
698 3695 785 3784 πρδς
806 3689 913 3781 ὀρθᾶς
933 3689 1088 3775 σχοινίων
1108 3690 1160 3773 θ’,
1182 3690 1268 3757 κατὰ
1289 3690 1329 3759 τὸ
1351 3714 1437 3779 προ-
1539 3710 1542 3715 ·

326 3793 452 3882 γραφέν
471 3792 678 3882 ὑπόδειγμα·
701 3797 759 3864 καὶ
779 3797 819 3864 τὸ
841 3793 1012 3883 γινόμενον
1033 3791 1070 3876 ἐξ
1090 3790 1193 3861 ούτοῧ
1210 3792 1359 3878 ίμβαδδν
1371 3790 1437 3882 ύφ-

275 3911 306 3962 30
326 3899 418 3964 ειλον
447 3892 521 3964 ύπδ
544 3902 604 3964 τοῦ
631 3897 780 3984 έμβαδού
806 3899 866 3966 τοῦ
891 3897 1027 3978 κύκλου,
1054 3896 1112 3964 καί
1137 3895 1176 3962 τδ
1204 3890 1435 3979 ύπσλιμπανύ-

326 4022 426 4083 μενον
447 3997 546 4087 μέρος
567 3994 663 4066 ἔσται
683 4001 743 4066 τοῦ
763 3998 913 4084 μείζονος
932 3997 1111 4087 τμήματος.
1156 3987 1227 4063 οἷον
1242 3991 1288 4074 ιύς
1301 3994 1336 4063 ἐν
1349 3991 1466 4062 ὑπο-ε

397 4283 423 4334 4.
441 4277 587 4350 τρισσύκις
598 4296 646 4333 om.
660 4280 691 4348 1),
703 4283 729 4334 in
740 4295 819 4344 ωεος.
832 4281 889 4333 εδδ.
903 4295 935 4333 ιο.
948 4295 1002 4332 τοο.
1089 4279 1114 4329 5.
1132 4274 1206 4348 ὁμοῦ
1219 4291 1298 4345 usque
1316 4276 1348 4327 εδ
1360 4275 1438 4345 πρῶ·

326 4365 387 4428 τον]
399 4359 435 4432 μ’
449 4358 493 4414 ω”
505 4359 538 4423 ζ”
552 4360 643 4415 affl)
701 4354 741 4416 16'.
758 4356 1016 4432 μέρηήτμήμακαίλ
1070 4359 1110 4410 17.
1122 4357 1289 4427 σχοινίωνί)
1338 4357 1381 4409 21.
1394 4352 1436 4409 κε’

326 4445 348 4495 D
420 4443 462 4495 24.
480 4437 644 4496 <navemn
724 4443 765 4494 25.
784 4441 968 4507 διαστῆσαιΙ]
1011 4475 1017 4483 ,
1054 4440 1096 4492 29.
1115 4433 1232 4509 ὕφαλον
1243 4447 1269 4492 et
1280 4439 1321 4490 hic
1332 4447 1359 4490 ει
1370 4435 1436 4489 infra

324 4527 343 4594 5
356 4527 413 4588 3,oe
425 4526 442 4576 4
453 4526 623 4590 ἰοῐυηιοίειοι·
634 4525 763 4576 ευυυιιιίοι·
775 4523 878 4589 scripsit
889 4537 936 4589 pro
948 4515 1033 4591 ὕφελε
1133 4521 1176 4572 31.
1192 4521 1288 4591 μέρος]
1299 4519 1405 4592 μέτρον
1415 4518 1437 4568 l)

397 4605 502 4658 ίστωΙ)
