3925 5742
744 792 1025 848 STEREOMETRICA
1038 795 1084 861 (ss).
1419 801 1465 856 181

356 951 400 1037 y'·
422 950 635 1040 μετρήσωμεν
661 941 719 1016 οόν
738 949 778 1017 τό
798 943 1005 1040 τετράγωνον
1022 946 1099 1019 όλον
1125 953 1257 1039 πρῶτον
1277 952 1353 1022 κατ’
1377 951 1498 1027 ίδίανο

357 1050 475 1133 οότως·
496 1052 539 1120 τδ
561 1050 694 1138 ιβίίπὶ
714 1052 757 1118 τά
771 1050 829 1119 κα’
844 1049 990 1139 γίνονται
1010 1052 1095 1140 ονβ’·
1116 1054 1221 1121 ταύτα
1234 1055 1468 1138 πολυπλασία-

356 1178 416 1222 σον
437 1153 498 1222 ἐπὶ
518 1153 558 1221 τὸ
578 1151 698 1239 βάθος,
721 1150 781 1219 ἐπὶ
801 1152 844 1219 τά
865 1153 909 1220 ε’·
936 1155 1082 1241 γίνονται
1103 1154 1200 1243 ,αοξ’·
1223 1155 1327 1225 πάλιν
1347 1161 1498 1250 μετρή-ε

357 1281 466 1343 σωμεν
486 1258 544 1347 τήν
565 1253 699 1346 ψαλίδα
719 1251 796 1321 κατ’
818 1252 923 1324 ἰδίαν·
944 1257 1157 1347 μετρήσωμεν
1179 1260 1218 1327 δὲ
1238 1257 1337 1350 αὐτὴν
1350 1259 1467 1345 ούτως·

320 1358 479 1439 εσύνθες
502 1360 561 1449 τήν
586 1356 749 1438 κάθετον,
777 1359 820 1423 τά
848 1357 906 1442 ιδ’,
933 1361 993 1428 καὶ
1019 1359 1079 1429 ἐπί
1105 1368 1164 1451 τῆς
1185 1360 1335 1452 καμάρας
1354 1364 1396 1432 τά
1420 1365 1468 1448 ις’

357 1459 407 1542 εἷς
426 1462 467 1529 τό
488 1457 584 1529 αύτό·
613 1457 760 1547 γίνονται
780 1456 824 1525 λ’·
845 1457 969 1529 τούτων
989 1461 1029 1530 τὸ
1049 1467 1085 1529 8·
1106 1463 1211 1531 ταῶτα
1231 1465 1467 1535 πολυπλασία·

357 1585 418 1632 σον
438 1559 498 1632 ἐπὶ
518 1563 578 1652 τὴν
598 1560 747 1629 κάθετον
767 1565 828 1651 τῆς
848 1561 1009 1653 καμάρας,
1032 1561 1092 1631 ἐπὶ
1106 1565 1149 1632 τά
1164 1565 1223 1632 ιδ’·
1247 1565 1393 1653 γίνονται
1406 1569 1466 1637 σι’·

355 1668 461 1734 ταῦτα
488 1666 543 1746 δίς
568 1662 715 1753 γίνονται
741 1663 809 1731 υκ’·
835 1664 942 1731 ταῦτα
967 1662 1108 1755 ἀφαίρει
1133 1665 1194 1752 μίν
1216 1665 1287 1737 ἀπὸ
1306 1670 1365 1738 τού
1387 1667 1467 1739 ὅλου

354 1767 558 1860 τετραγώνου
579 1763 603 1856 ἢ
623 1763 669 1847 ῶς
690 1761 762 1835 α’πδ
783 1768 850 1834 τῶν
870 1766 965 1853 ,ασξ’·
989 1768 1094 1836 λοιπά
1117 1767 1192 1855 ωμ’·
1214 1769 1379 1839 τοσούτων
1401 1796 1487 1841 πο·-

301 1893 335 1943 10
357 1873 425 1940 δῶν
455 1868 551 1940 ἔσται
582 1871 623 1938 τὸ
652 1870 777 1937 λοιπόν
806 1869 1008 1958 τετράγωνον
1040 1867 1116 1939 άνευ
1142 1873 1202 1962 τῆς
1228 1871 1395 1962 καμάρας·
1428 1876 1498 1944 τδι

357 1972 484 2056 ἔξωθεν
509 1971 722 2062 μετρήσωμεν
748 1970 948 2060 τετράγωνον
969 1973 1009 2040 τό
1032 1974 1350 2066 προεκβεβλημίνον,
1371 2000 1464 2047 τουτ·

357 2075 429 2145 ἐστι
449 2076 493 2142 τά
514 2074 547 2142 δ’
567 2073 628 2142 ἐπὶ
648 2074 692 2141 τά
713 2072 752 2141 ε’·
775 2072 921 2161 γίνονται
943 2075 986 2142 κ’·
1007 2077 1112 2143 ταῦτα
1133 2076 1238 2146 πάλιν
1258 2076 1319 2146 ἐπὶ
1339 2078 1379 2147 τδ
1398 2078 1463 2166 βά-

357 2186 424 2258 θος
444 2174 731 2259 πολοπλασίασον,
753 2175 815 2244 ἐπὶ
835 2175 877 2243 τά
900 2176 942 2265 γ’·
965 2177 1112 2265 γίνονται
1127 2176 1167 2261 ξ’·
1188 2184 1295 2247 ταύτα
1310 2182 1466 2272 προσθή-

356 2303 458 2367 σομεν
482 2284 556 2360 τοῖς
581 2279 662 2364 σμ’·
690 2280 838 2370 γίνονται
864 2278 926 2344 λύ’·
953 2279 1119 2348 τοσούτων
1145 2282 1262 2349 ποδῶν
1290 2277 1387 2350 ἔσται
1408 2286 1467 2352 τού

302 2410 335 2461 15
358 2384 523 2474 σχήματος
543 2383 583 2452 τδ
604 2384 749 2472 ἐμβαδὸν
770 2386 828 2454 σύν
847 2388 892 2475 τῇ
912 2379 1047 2474 ψαλίδι.
1074 2381 1141 2450 «δάν
1163 2383 1201 2449 δὲ
1213 2375 1236 2474 ᾖ
1250 2381 1370 2468 μείζων
1384 2382 1497 2473 ἦμι-ε

358 2483 503 2570 κυκλίου,
525 2485 609 2575 λάβε
629 2491 688 2577 τῆς
702 2487 848 2577 ψαλίδος
861 2488 901 2556 τό
915 2483 980 2553 κα”
996 2485 1103 2572 μέρος,
1118 2473 1188 2553 οἷον
1202 2480 1244 2551 δν
1257 2477 1281 2575 ᾗ
1294 2485 1334 2553 τδ
1347 2488 1465 2576 σχῆμα,

357 2589 416 2657 καί
438 2585 620 2677 προστίθει
640 2592 727 2680 πρός
747 2592 786 2672 τό
809 2589 887 2659 δ’λον
908 2586 1068 2675 δμβαδόν·
1091 2585 1149 2654 καὶ
1170 2586 1335 2657 τοσούτων
1351 2591 1467 2658 ποδῶν

358 2690 454 2760 ἔσται
467 2692 508 2759 τό
522 2697 641 2782 σχῆμα.
670 2691 727 2760 όδν
741 2694 780 2760 δὲ
794 2685 817 2783 ᾖ
830 2687 933 2778 μείων
945 2686 1144 2780 ἡμικυκλίου
1159 2685 1199 2756 άν
1209 2714 1246 2757 τε
1258 2687 1466 2779 ἡμικύκλιον,
1483 2715 1495 2754 ε

356 2791 482 2881 ὁμοίως
502 2793 726 2884 μετρήσωμεν·
748 2795 807 2863 καί
828 2793 885 2863 ἐὰν
907 2792 967 2861 δύο
988 2784 1012 2883 ᾖ
1031 2783 1218 2881 τετράγωνα
1239 2795 1467 2884 προεκβεβλη-

300 2921 334 2971 20
354 2896 447 2984 μένα,
469 2893 627 2977 ὡσαύτως
646 2895 858 2988 μετρήσωμεν
879 2894 924 2977 ῶς
945 2895 1207 2982 προγέγραπται.

429 2994 541 3066 ’Ἔστω
561 2997 675 3087 ψαλίς,
697 2994 736 3091 ἧς
749 2998 769 3091 ἡ
784 2999 885 3086 βάσις
898 2999 1014 3066 ποδῶν
1029 2996 1089 3080 ιδ’,
1103 2994 1124 3086 ἦ
1141 2996 1180 3064 δδ
1193 2995 1338 3077 κάθετος
1351 2999 1467 3080 ποδῶν
1481 3001 1521 3065 33

356 3101 399 3183 ζ’,
420 3101 460 3169 τό
483 3099 521 3168 δὲ
542 3100 655 3186 βάθος
676 3100 776 3184 ίγίτω
798 3100 817 3170 δ
838 3099 1113 3185 κατακλινόμενος
1127 3098 1215 3189 σιμὴν
1235 3097 1347 3179 πόδας
1359 3098 1404 3185 β’,
1426 3101 1466 3168 τό
1602 3099 1608 3120 ”

357 3202 466 3287 πάχος
491 3202 527 3270 α’
547 3209 582 3271 8·
610 3201 714 3293 εὑρεῖν
739 3204 796 3293 τὴν
818 3200 1015 3291 περίμετρον
1036 3199 1095 3267 καὶ
1114 3199 1154 3266 τό
1171 3198 1321 3290 στερεόν·
1345 3199 1466 3282 σύνθες

355 3307 398 3373 τά
426 3304 477 3372 ιδ’
502 3303 562 3373 καί
587 3305 697 3388 τόξ’·
726 3304 871 3394 γίνονται
892 3303 963 3372 κα’·
990 3301 1123 3383 τούτοις
1142 3299 1294 3391 πρόσθες
1314 3300 1465 3371 καθόλου

300 3430 336 3480 25
356 3409 396 3476 τό
416 3405 508 3478 ἰ’διον
520 3406 597 3476 κἀ”·
620 3405 745 3495 γίνεται
760 3408 803 3475 α’·
827 3406 912 3494 όμοῦ
931 3403 997 3492 κδ’·
1019 3406 1123 3472 ταῦτα
1142 3401 1162 3493 ἦ
1184 3400 1389 3493 περίμετρος.
1407 3456 1415 3472 .
1431 3455 1464 3473 ..

431 3507 541 3578 Ἔστω
568 3509 716 3598 πυραμίς
737 3506 859 3592 ἐγευσα
879 3507 981 3595 βάσιν
1001 3504 1156 3596 τρίγωνον
1178 3501 1396 3594 ὀρθογώνιον,
1425 3499 1464 3574 εδ
1480 3517 1521 3580 34
1623 3580 1625 3584 ,

358 3611 444 3682 ἔστω
469 3611 491 3702 ἡ
519 3611 666 3693 κάθετος
693 3613 809 3682 ποδῶν
834 3611 876 3694 ς’,
904 3609 962 3677 καὶ
988 3607 1007 3698 ἦ
1034 3606 1137 3694 βάσις
1162 3608 1278 3676 ποδῶν
1304 3607 1348 3697 η’,
1377 3605 1398 3698 ἦ
1427 3609 1466 3677 δὲ

356 3712 575 3785 ὑποτείνουσα
602 3716 716 3783 ποδῶν
739 3713 780 3782 ι’·
808 3711 828 3804 ἡ
852 3711 890 3780 δὲ
911 3710 1061 3800 πυραμίς
1080 3709 1182 3795 ἐχέτω
1203 3707 1342 3800 ἑκάστην
1362 3711 1464 3778 πλευ-

356 3821 418 3909 ρδν
438 3815 501 3886 άνδ
521 3819 637 3887 ποδῶν
659 3816 716 3904 ιγ’·
739 3813 842 3903 εύρεῖν
864 3811 964 3903 αὐτῆς
985 3814 1044 3902 τήν
1057 3811 1217 3881 κάθετον·
1240 3813 1330 3880 ποιῶ
1346 3809 1464 3892 ούτως·

303 3942 336 3994 ευ
356 3918 495 4012 εδρίσκω
526 3920 587 4009 τήν
613 3917 791 4005 διάμετρον
816 3924 877 3984 τοῦ
904 3915 1023 3984 κύκλου
1049 3916 1109 3982 τοῦ
1139 3913 1400 4003 περιγράφοντος
1424 3914 1495 3988 τὸ,

356 4023 514 4114 τρίγωνον
533 4022 652 4089 ποδῶν
674 4019 710 4102 ι’,
732 4018 809 4108 ἥτις
828 4015 951 4107 ἐστίνὴ
966 4015 1200 4085 όποτείνουσα·
1222 4014 1348 4083 τούτων
1364 4013 1463 4100 [λάβε]

356 4221 438 4277 νουδ
506 4215 621 4286 ε’]ῥἬ
684 4215 732 4266 25.
750 4211 850 4277 ποδῶν
860 4209 891 4282 γ’
904 4227 953 4264 om.
967 4211 1038 4262 libriz
1051 4207 1218 4274 addidie§4

425 4301 450 4354 8.
463 4296 620 4372 δφαιροῦΒ
688 4290 791 4362 9.ἢῶς
803 4294 882 4346 ⁰111.B
921 4312 925 4318 ·
952 4292 992 4345 11.
1006 4287 1312 4362 προσεκβεβλημένονδ
1382 4286 1421 4339 1³.
1433 4283 1464 4356 γ’

356 4400 407 4437 on.
420 4381 609 4448 mahom)
677 4370 947 4448 προσθήσωμενΜΒ
1004 4373 1044 4424 14.
1063 4365 1292 4425 καλτοσούτωνΒ
1344 4366 1464 4435 Masta

356 4464 384 4517 Μ
454 4465 494 4516 17.
507 4462 549 4529 τὸ]
562 4460 671 4516 τὸνλό*
704 4452 869 4531 18.ᾗοοι.Β
919 4456 1016 4524 μείων]
1029 4453 1161 4524 μείζωνΒ
1214 4450 1254 4503 19.
1265 4448 1465 4522 προσεκβεβλη·

354 4545 430 4615 μέγα
442 4545 461 4596 Β
529 4544 571 4596 22.
591 4538 690 4607 πόδας]
704 4537 775 4594 πεδ’
789 4539 824 4605 Μ,
837 4534 967 4590 ποδῶνΒ
995 4550 996 4553 ’
1018 4535 1059 4586 25.
1078 4529 1152 4604 ὁμοῦ
1163 4549 1210 4601 ρει·
1222 4548 1302 4600 comp.
1315 4546 1366 4584 ουτ.
1378 4531 1404 4583 in
1416 4529 1463 4583 ΜΒ

425 4626 467 4679 26.
486 4621 673 4698 ὀρθογώνιον]
687 4610 720 4676 οὗ
731 4617 846 4693 δρθόγω
858 4635 914 4672 oum
925 4626 985 4671 nota
998 4616 1136 4686 compendii
1147 4616 1166 4666 B
1219 4615 1259 4666 λλ.
1272 4614 1320 4666 καλ
1331 4609 1357 4680 ἡ]
1370 4609 1386 4680 ἡ
1400 4610 1431 4666 δὲ
1444 4615 1465 4668 Β
