3925 5742
811 797 1003 853 MENSURAE.
1413 800 1462 852 189

350 948 414 1018 ἐπὶ
433 949 509 1030 τούς
528 954 590 1019 ταῶ
604 949 803 1037 κενώματος·
825 950 971 1040 γίνονται
987 951 1029 1034 ς’·
1046 953 1169 1037 [ταῦτα]
1186 949 1463 1033 πολυπλασίασον

350 1047 409 1142 ἐφ’
431 1048 548 1120 ἑαυτό·
571 1050 718 1140 γίνονται
739 1054 805 1136 λς’·
834 1054 872 1137 ἐξ
891 1052 998 1125 αὐτῶν
1019 1052 1120 1146 ύφελε
1139 1054 1179 1124 τό
1201 1054 1253 1122 δ”·
1275 1056 1382 1124 λοιποὶ
1401 1055 1462 1142 ρώ-

350 1175 464 1222 νουσιν
484 1155 547 1236 κζ’·
570 1155 849 1226 πολυπλασίασον
869 1158 947 1238 τούς
967 1158 1025 1226 τοῦ
1047 1155 1233 1243 κενώματος
1253 1157 1331 1238 τούς
1353 1156 1386 1224 δ’
1401 1155 1461 1225 δπδ

350 1257 429 1337 τούς
451 1256 493 1324 δ’·
516 1256 661 1345 γίνονται
682 1257 788 1340 πόδες
809 1260 869 1342 ις’·
890 1259 928 1343 δξ
948 1258 1056 1328 αὐτῶν
1075 1257 1176 1351 ύφελε
1196 1261 1236 1327 τδ
1256 1259 1306 1327 δ”·
1327 1258 1461 1346 μένωσι

312 1375 328 1424 5
351 1357 458 1439 πόδες
479 1359 544 1446 ιβ’·
571 1360 675 1429 πόλιν
695 1363 774 1442 τούς
795 1361 916 1444 αύτούς
934 1359 1037 1454 ύφελε
1058 1358 1131 1430 όπδ
1150 1368 1215 1430 τῶν
1236 1361 1300 1445 κζ’·
1326 1360 1459 1448 μένουσι

351 1461 406 1529 ιε’·
428 1459 706 1532 πολυπλασίασυν
726 1465 814 1545 τούς4
825 1464 869 1533 ιε’
887 1463 1003 1546 πόδας
1024 1463 1084 1532 ἐπὶ
1104 1464 1144 1533 τδ
1157 1461 1279 1550 βόδος,
1293 1462 1478 1538 τουτέστιν,

349 1563 411 1632 ἐπὶ
437 1565 515 1645 τούς
538 1564 587 1633 κ’·
616 1563 762 1653 γίνονται
788 1566 895 1649 πόδες
913 1565 963 1634 τ’·
985 1565 1152 1636 τοσούτων
1172 1568 1289 1635 ποδῶν
1310 1562 1461 1656 εύρήσεις

348 1666 389 1735 τὸ
410 1666 526 1758 νοέω·
572 1714 574 1716 v

554 1805 556 1808 ⁴
576 1769 799 1863 Μύτρησις
817 1769 939 1841 λόδου
960 1770 1218 1860 τετραγώνου.
1475 1777 1493 1836 4

295 1886 328 1936 1⁰
435 1869 555 1941 Λόδον
575 1874 778 1962 τετράγωνον
797 1872 1009 1964 μετρήσωμεν
1031 1871 1148 1954 ούτως·
1172 1865 1210 1941 οὗ
1231 1873 1271 1941 τό
1283 1870 1343 1958 μὲν
1356 1873 1461 1963 μῆκος

350 1975 466 2041 ποδῶν
498 1973 537 2056 ε’,
564 1975 604 2044 τό
632 1975 671 2042 δὲ
698 1975 828 2056 πλάτος
852 1978 969 2046 ποδῶν
995 1974 1038 2064 γ’,
1065 1977 1105 2043 τδ
1133 1974 1241 2059 πόχος
1269 1976 1387 2041 ποδῶν
1412 1973 1460 2062 δ’·

348 2076 426 2155 τοδς
446 2075 482 2163 β’
504 2075 565 2144 ἐπὶ
586 2078 664 2170 τοδς
685 2077 717 2166 γ’
739 2078 885 2166 γίνονται
907 2079 955 2161 ς’·.
971 2078 1106 2159 τούτους
1127 2077 1187 2146 ἐπὶ
1209 2078 1287 2157 τούς
1309 2076 1340 2145 ε’
1356 2075 1459 2164 γίνον-

348 2200 405 2245 ται
427 2177 532 2259 πόδες
550 2178 595 2246 λ’.

595 2299 798 2390 Μότρησις
818 2301 939 2371 λίδοο
963 2298 1214 2389 στρογγύλου.
1302 2319 1305 2324 ’
1474 2308 1492 2366 5

294 2416 327 2466 15
434 2399 555 2470 Λίθον
576 2403 771 2492 στρογγύλον
790 2402 1002 2493 μετρήσωμεν
1023 2399 1141 2482 οὕτως·
1164 2394 1202 2470 οὗ
1223 2403 1262 2471 τὸ
1276 2404 1382 2492 μῆκος
1395 2422 1459 2470 πο-

349 2505 417 2569 δῶν
439 2503 493 2586 ιε’,
515 2499 535 2594 ἡ
558 2503 755 2595 περίμετρος
775 2508 892 2575 ποδῶν
914 2506 956 2574 δ’·
978 2503 1122 2595 ποίησον
1144 2502 1176 2571 δ’
1199 2503 1258 2572 ἐπὶ
1280 2505 1325 2572 δ’·
1353 2502 1459 2592 γίνον-

347 2630 406 2672 ται
428 2605 536 2686 πόδες
557 2606 615 2688 ις’·
637 2596 739 2699 ύφελε
758 2607 884 2677 τούτων
903 2610 943 2679 τό
959 2607 1010 2676 δ”·
1033 2606 1178 2696 γίνονται
1193 2605 1300 2688 πόδες
1315 2607 1358 2674 δ’·
1381 2606 1458 2675 τού·
1537 2630 1540 2635 ’
1596 2675 1605 2682 ,

347 2732 425 2788 τους
445 2708 523 2788 τούς
545 2707 579 2775 δ’
600 2707 658 2778 ἐπὶ
680 2711 721 2779 τό
740 2712 860 2802 μῆκος·
882 2709 1030 2800 γίνονται
1051 2709 1158 2789 πόδες
1179 2710 1219 2792 ξ’.

593 2862 802 2956 Μέτρησις
821 2863 937 2948 ξύλου
958 2862 1211 2953 τετραγώνου.
1471 2873 1489 2933 6

290 2982 325 3034 20
421 2961 533 3032 ’Ἔστω
554 2962 650 3047 ξύλον
670 2966 884 3058 τετράγωνον,
907 2956 946 3036 οὗ
966 2968 1007 3035 τδ
1028 2969 1134 3057 μῆκος
1154 2966 1268 3034 ποδῶν
1289 2966 1333 3048 κ’,
1355 2967 1396 3036 τὸ
1417 2967 1456 3036 δὲ

344 3065 471 3146 πλότος
493 3066 662 3135 δακτύλων
684 3068 741 3152 ις’,
762 3070 802 3138 τὸ
824 3069 861 3139 δὲ
882 3068 992 3154 πάχος
1013 3068 1181 3136 δακτύλων
1204 3067 1264 3154 ιβ’·
1288 3065 1381 3136 ποίει
1398 3065 1456 3135 ού-

345 3193 427 3249 τως·
461 3167 738 3240 πολυπλασίασον
768 3173 809 3241 τὸ
840 3170 966 3251 πλόκος
998 3169 1057 3240 ἐπὶ
1087 3171 1127 3239 τὸ
1153 3169 1276 3256 πάχος·
1310 3167 1455 3257 γίνονται

346 3268 506 3340 δάκτυλοι
519 3270 603 3361 ρςδ·
618 3272 754 3356 τούτους
767 3274 828 3343 ἐπὶ
841 3275 881 3343 τὸ
891 3276 1010 3364 μῆκος·
1027 3270 1173 3361 γίνονται
1184 3272 1344 3341 δάκτυλοι
1354 3272 1454 3360 ,γωμ’.

590 3428 806 3519 Μότρησις
827 3426 943 3511 ξύλου
965 3425 1215 3517 στρογγύλου.
1471 3432 1490 3491 7

293 3541 326 3591 ²5
433 3525 541 3603 Ξύλον
561 3530 759 3620 στρογγύλον
778 3529 988 3621 μετρήσωμεν
1010 3528 1127 3610 οὕτως·
1151 3521 1193 3598 οὗ
1212 3530 1251 3597 τό
1271 3531 1376 3621 μῆκος
1389 3553 1458 3598 πο-

347 3629 414 3697 δῶν
438 3630 482 3715 λ’,
509 3633 568 3701 καὶ
594 3629 615 3723 ἡ
646 3633 824 3724 διάμετρος
856 3631 1024 3702 δακτύλων
1052 3631 1113 3714 ις’·
1144 3630 1282 3713 τούτους
1306 3633 1383 3714 τούς
1409 3631 1455 3714 ις’

346 3731 527 3816 δακτύλους
548 3732 603 3827 ἐφ’
625 3731 760 3815 ἑαυτούς
779 3733 927 3823 γίνονται
940 3733 1023 3817 σνς’·
1045 3725 1091 3804 ὧν
1105 3733 1206 3826 ύφελε
1219 3734 1259 3804 τό
1276 3733 1327 3802 δ”·
1348 3735 1455 3804 λοιπὰ

415 3905 556 3960 Comum.

418 3987 439 4037 1.
457 3983 523 4048 τοὺς
534 4005 582 4043 om.
595 3989 658 4044 KG*
729 3986 759 4043 δ’
771 3990 817 4042 καλ
828 3985 857 4058 β’
868 3999 927 4058 post
939 3993 1068 4059 γίνονται
1079 3990 1135 4041 εδδ.
1149 3989 1213 4041 GM
1292 3983 1332 4054 ς’]
1346 3985 1397 4050 ἒξλ

343 4065 440 4133 ταῦτα]
457 4067 559 4129 ταύτας
575 4071 650 4137 (δι”,
662 4088 711 4124 om.
728 4070 761 4124 11<
865 4073 891 4125 2.
908 4068 956 4142 ἔφ’
970 4070 1063 4135 ἑαυτὰ]
1080 4066 1181 4130 αὐτοὺς
1192 4068 1229 4135 R,
1247 4085 1295 4121 om.
1309 4068 1385 4121 1⁶¹⁴

343 4147 441 4215 λοιπὰ]
453 4149 543 4206 λοιπώ
560 4152 580 4220 l,
593 4150 728 4208 λοεπδνῐὶ
796 4154 821 4206 4.
834 4149 921 4213 πόδες
933 4169 981 4205 om.
996 4152 1033 4205 G²
1086 4147 1180 4223 Ιδ’φελε]
1194 4144 1296 4221 ὕφαορε
1309 4149 1359 4214 G1,
1371 4144 1455 4219 ὑφαί-

344 4230 437 4298 <mm
510 4234 550 4286 10.
567 4232 745 4306 μέτρησονλί
817 4233 871 4305 μὲν
883 4234 968 4287 σουλί
1039 4234 1079 4286 ll.
1098 4231 1129 4285 τὸ
1144 4232 1175 4285 δὲ
1188 4248 1236 4285 om.
1249 4229 1285 4283 lR
1352 4226 1455 4282 τδιυιε

345 4308 549 4380 πόχοςδπλλὶ
619 4318 659 4369 12.
672 4313 739 4376 τοὺς
750 4314 846 4384 antess'
861 4314 946 4368 οεοῦ
1018 4314 1056 4366 13.
1070 4311 1097 4366 λ’
1110 4310 1232 4371 πόδεςῦ
1303 4313 1343 4364 15.
1354 4312 1455 4383 μίτρη·
1568 4387 1571 4390 ⁴

344 4391 434 4447 σονλί
500 4394 829 4468 μὲνυυιομῆκοςαδδ.ῦ
900 4397 941 4448 17.
960 4392 1049 4452 πόδες
1060 4394 1145 4447 om.G
1212 4386 1455 4465 ύιγελε1ύφαιρε6

414 4470 503 4537 πόδες
514 4494 562 4530 om.
576 4479 599 4533 G
684 4475 799 4537 τούτους
811 4476 884 4542 τοὺς]
897 4472 999 4535 ταύτας
1010 4476 1059 4534 τὰς
1071 4476 1094 4529 G
1174 4477 1215 4529 20.
1229 4484 1255 4528 et
1267 4476 1309 4527 21.
1322 4472 1354 4528 δὲ
1366 4491 1415 4527 om.
1429 4473 1450 4526 G

344 4560 387 4611 23.
407 4547 486 4630 ρίῖβΊ
504 4550 590 4630 (jfl'G
642 4562 718 4614 ,24
739 4556 920 4633 στρογγύλου]
931 4554 1080 4628 μυούρουλ
1150 4559 1191 4610 25.
1209 4555 1387 4630 μέτρησονλί

343 4641 386 4692 26.
406 4641 453 4693 καλ
465 4656 513 4691 om.
526 4641 549 4694 G
617 4643 658 4693 27.
672 4637 720 4713 ἐφ’
733 4641 859 4709 ἑαυτοὺς]
867 4641 916 4696 ἐπὶ
928 4636 1030 4700 αὐτοὺς
1039 4637 1074 4691 Πί
1146 4634 1239 4709 δφελε]
1249 4632 1351 4712 ὕφαιρε
1364 4637 1387 4690 G
