3925 5742
795 725 1037 781 DEFINITIONES.
1437 738 1470 790 23

353 875 525 963 τράγωνον
546 879 605 948 καί
626 881 665 947 τὸ
687 878 855 967 ἑξάγωνον.
898 880 1056 969 τρίγωνον
1081 887 1157 970 γοῖν
1179 883 1249 955 άπὸ
1270 895 1331 977 τῆς
1352 887 1471 958 ἑαυτοῦ

354 986 506 1069 κορυφῆς
527 982 720 1069 προσλαβὸν
742 977 826 1049 iiiia
841 981 941 1050 πέντε
955 988 1145 1076 συμπληροῖ
1157 989 1215 1056 τὸν
1228 997 1289 1056 τοῦ
1303 989 1470 1058 ἐπιπέδου

355 1080 474 1162 τόπον,
497 1081 606 1173 χῶραν
626 1083 662 1151 έν
682 1081 775 1171 μέσῳ
797 1080 961 1210 μηδεμίαν
982 1089 1198 1156 καταῖεῖπον·
1232 1116 1291 1158 και
1281 1091 1469 1180 τετράγω-

355 1207 412 1250 νον
433 1180 559 1270 ομοίως
580 1186 772 1312 προσλαβὸν
792 1182 878 1273 τρία,
901 1188 959 1253 καί
981 1183 1143 1275 ἑξάγωνον
1165 1191 1234 1257 δύο.

321 1309 335 1355 5
440 1276 584 1377 Οῖέγει
608 1285 735 1358 τοιουτύν
759 1311 839 1357 ε’ττι·
864 1291 917 1357 τῶν
941 1288 1090 1415 τεσσάρφν
1113 1294 1216 1380 γωνιῶν
1239 1292 1287 1363 τδν
1312 1287 1375 1366 ύλον
1391 1327 1468 1387 συμ-
1500 1331 1513 1368 ν

354 1388 582 1480 παραλαμβάνει
603 1388 703 1472 τύπον,
726 1387 834 1460 καθ’
826 1380 854 1459 δν
876 1394 1022 1481 τέμνουσιν
1045 1390 1175 1484 mim
1197 1426 1227 1464 αι
1219 1392 1353 1466 εύθεῒαι
1369 1393 1468 1467 ῶσαύ-

355 1517 426 1574 τως·
452 1498 482 1561 αἱ
505 1491 603 1581 γάρτ
585 1495 724 1580 τςέσσαρε
712 1495 842 1582 ςγωνίαι
863 1495 1009 1582 τέσσαρσι
1031 1498 1206 1581 καθέτοις*
1189 1527 1252 1566 ισαι
1275 1502 1340 1568 εισί.

535 1659 749 1752 Ἑρμηνείοι
769 1662 846 1728 τῶν
869 1663 1291 1752 στερεομετρουμένων.
1500 1666 1541 1727 75

356 1779 416 1867 ογ’.
468 1778 583 1861 Τίνες
603 1783 676 1848 τῶν
697 1780 737 1848 έν
757 1784 844 1860 τοῖς
865 1786 1045 1869 στερεοῖς
1066 1782 1244 1872 σχήμασι
1260 1786 1360 1868 [τῶν]
1377 1785 1470 1854 έπε-

300 1906 335 1956 10
706 1883 883 1972 φανειῶν
905 1880 1122 1972 διαφοραῖς

449 2008 524 2069 Τῶν
546 2001 580 2070 έν
600 2006 672 2082 τοῖς
692 2006 838 2090 στερεοῖς
859 2000 1007 2092 σχήμασι
1031 2004 1111 2086 [τῶν]
1136 2002 1342 2092 ἐπιφανειῶν
1361 2002 1395 2074 αῖ
1410 2005 1470 2091 μὲν

355 2101 541 2173 άσύνθετοι
562 2104 719 2192 λέγονται,
744 2100 779 2170 αῖ
795 2103 834 2170 δὲ
848 2103 1014 2171 σύνθετοι.
1049 2101 1229 2174 άσύνθετοι
1244 2107 1303 2192 μέν
1316 2099 1372 2175 ούν
1386 2105 1471 2177 εἶσιν
1564 2115 1568 2120 ’

357 2205 439 2274 ὅσοι
461 2204 700 2291 ἐκβαλλόμεναι
723 2203 821 2275 αύταὶ
840 2202 926 2274 καθ’
941 2202 1066 2273 ἑαυτῶν
1081 2205 1275 2292 πίπτουσιν,
1291 2201 1395 2298 οἶονὴ
1411 2211 1471 2300 τῆς

356 2307 517 2400 σφαίρας,
535 2308 693 2376 σύνθετοι
714 2308 752 2376 δέ
775 2306 853 2377 ὅσοι
875 2304 1113 2393 ἐκβαλλόμεναι
1129 2310 1301 2394 τέμνουσιν
1320 2308 1470 2399 ἀλλήλας.

298 2422 334 2472 15
356 2417 424 2479 τῶν
448 2412 486 2478 δέ
507 2410 676 2480 συνθέτων
697 2408 733 2479 αῖ
754 2410 814 2495 μὲν
835 2409 873 2492 ἐξ
893 2406 1130 2497 ἀνομοιογενῶν
1151 2408 1218 2479 εἶσι
1241 2410 1407 2494 σύνθετοι,
1435 2411 1471 2481 αῖ

357 2514 398 2582 δέ
423 2508 462 2595 ἐξ
482 2511 691 2600 ὁμοιογενῶν.
735 2512 773 2594 έξ
794 2509 1034 2599 ἀνομοιογενῶν
1054 2511 1115 2598 μέν
1137 2510 1172 2580 αῖ
1193 2513 1259 2581 τῶν
1280 2512 1392 2581 καίνων
1412 2515 1471 2581 καί

356 2614 538 2705 κυλίνδρων
550 2617 617 2703 καί
638 2612 842 2705 ἡμικυκλίων
863 2615 921 2682 καί
942 2615 1007 2680 τῶν
1027 2612 1158 2694 τούτοις
1173 2611 1305 2701 ὁμοίων,
1321 2614 1358 2698 ἐξ
1371 2612 1470 2702 ὅμοι-

358 2718 479 2804 ογενῶν
505 2719 542 2786 δὲ
569 2713 604 2784 αῖ
626 2725 690 2784 τῶν
714 2717 853 2804 στερεῶν
875 2714 1125 2806 εὐθυγράμμων.
1169 2717 1228 2785 καί
1250 2715 1333 2785 καθ’
1357 2716 1470 2806 ἑτέραν

358 2820 400 2886 δὲ
428 2817 593 2906 διαίρεσιν
619 2820 685 2887 τῶν
706 2819 741 2888 έν
760 2824 833 2899 τοῖς
854 2824 999 2909 στερεοῖς
1021 2819 1186 2908 σχήμασιν
1207 2819 1413 2909 ἐπιφανειῶν
1435 2819 1471 2889 αῖ
1545 2883 1546 2887 ,

295 2940 335 2990 20
355 2921 419 3007 μέν
442 2919 526 2992 εἰσιν
547 2919 664 3005 άπλαῖ,
687 2920 721 2989 αῖ
745 2921 783 2990 δέ
803 2919 930 3006 μικταί.
975 2921 1084 2988 ἁπλαῖ
1103 2922 1162 3007 μέν
1184 2916 1241 2990 σύν
1254 2920 1338 2990 εἰσιν
1353 2921 1385 2990 έν
1399 2928 1471 3002 τοῖς

358 3029 508 3113 στερεοῖς
529 3023 711 3104 ἐπιπέδοις
731 3024 790 3091 καί
810 3020 831 3112 ἡ
855 3023 1027 3113 σφαιρική,
1049 3022 1167 3108 μικταὶ
1190 3022 1227 3090 δὲ
1247 3022 1270 3113 ἥ
1290 3049 1328 3090 τε
1348 3025 1471 3114 κωνική

357 3127 420 3195 καί
449 3123 469 3217 ἦ
496 3127 684 3215 κυλινδρική
713 3127 772 3194 καὶ
799 3122 835 3193 αῖ
860 3124 998 3205 τούτοις
1026 3121 1151 3211 ὅμοιαι.
1201 3117 1301 3191 αὗται
1327 3124 1388 3211 μὲν
1415 3118 1471 3194 σύν

357 3230 480 3314 μικταί
501 3229 539 3310 έξ
559 3228 728 3297 ἐπιπέδου
744 3227 801 3295 καί
816 3225 1041 3317 περιφερείας,
1062 3224 1098 3293 αῖ
1113 3225 1151 3294 δέ
1165 3227 1340 3313 σπειρικαὶ
1354 3228 1472 3313 μικταί

359 3327 450 3399 εἶσιν
470 3329 507 3398 έκ
530 3329 589 3398 δύο
612 3331 843 3422 περιφερειῶν.
886 3330 945 3396 καί
968 3325 1068 3396 imm
1091 3327 1128 3396 δὲ
1149 3325 1286 3408 πλείους
1308 3325 1391 3397 εῖσὶν
1406 3326 1471 3398 ῶσ-

300 3451 338 3501 25
359 3457 427 3522 περ
450 3432 608 3501 σύνθετοι
631 3431 717 3502 ούτω
738 3432 797 3501 καὶ
817 3433 936 3518 μικταὶ
958 3428 1105 3521 άπειροι.

360 3630 563 3639 ——

436 3736 457 3786 1.
474 3732 581 3799 ἑαυτοῦ]
595 3731 680 3786 αὐτοῦ
692 3734 768 3787 Μία
818 3728 1023 3801 2.προσῖαβῶν
1032 3733 1071 3785 BC
1123 3730 1223 3785 άλῖὰΒ
1275 3734 1299 3785 3.
1312 3731 1473 3806 τετράγωνα

362 3817 433 3880 libri,
447 3818 491 3866 sed
503 3817 529 3866 in
540 3816 560 3867 F
575 3832 704 3886 suprascr.
717 3830 751 3868 ον
815 3814 840 3865 4.
852 3810 1023 3882 προσλαβὼν
1033 3814 1073 3866 BC
1135 3818 1200 3885 τρία
1211 3814 1258 3866 καὶ
1270 3811 1411 3882 ἑξάγωνον
1422 3831 1470 3866 om.

361 3898 424 3948 libri
479 3898 503 3948 5.
516 3891 583 3951 ὅλον
595 3897 647 3964 Ma,
660 3891 751 3949 τύπον
763 3896 821 3946 libri
878 3894 902 3945 6.
916 3889 1033 3958 ὃνῙὸΒΟ
1081 3895 1471 3968 7.τέσσαραιΒ,τέσσαρειςκ“

433 3987 491 4044 post
504 3979 558 4030 εἶσι
571 3980 631 4030 libri
643 3978 737 4030 addunt
749 3977 795 4027 καὶ
805 3973 981 4047 τετράγωνον
993 3972 1099 4046 ὁμοίως
1107 3977 1153 4028 καὶ
1162 3973 1308 4047 ἑξάγωνον,
1321 3992 1383 4044 quae
1392 3976 1472 4043 perti-

363 4069 426 4112 nent
437 4063 469 4111 ad
481 4076 535 4128 οερ.
547 4063 587 4126 74,
602 4063 613 4112 1
628 4069 695 4113 extr.
752 4059 776 4113 8.
796 4058 1128 4130 στερεωμετρουμένωνθ·
1182 4058 1220 4109 12.
1240 4053 1427 4110 άσύνθοτοιΒ

364 4142 406 4193 13.
417 4138 538 4195 affirm
585 4141 623 4194 15.
637 4136 885 4210 άνομοιογενῶνΡ,
895 4136 1077 4211 άνομογενῶν
1086 4138 1174 4190 BCDa
1211 4133 1474 4207 αἱδὲαεφιεεδμὲν

363 4240 414 4276 om.
427 4225 469 4275 Da
480 4232 506 4274 et
519 4239 565 4290 pro
576 4223 616 4275 his
627 4222 703 4273 hahet
716 4217 752 4279 ῶς
814 4224 852 4273 16.
871 4219 1044 4291 ὁμοιογενῶν
1056 4228 1082 4272 et
1094 4217 1303 4289 ἀνομοιογενῶν
1315 4219 1374 4269 libri
1387 4234 1472 4269 omnes

433 4300 555 4357 κόνωνο
617 4305 657 4355 11.
676 4298 851 4373 ὁμοιογενῶν
862 4304 893 4368 F,
906 4299 1052 4373 ὁμογενῶν
1063 4301 1102 4352 BC
1113 4302 1154 4352 Da
1210 4301 1249 4352 18.
1267 4298 1421 4370 καθετέραν
1432 4298 1472 4351 Bc

435 4386 474 4436 19.
488 4387 544 4439 τῶν
554 4394 613 4437 anto
625 4381 797 4453 ἐπιφανειῶν
808 4385 864 4436 εδδ.
878 4385 917 4436 BC
968 4385 1011 4435 21.
1024 4380 1040 4449 ἡ
1053 4385 1121 4449 (post
1133 4382 1198 4448 κάη]
1212 4379 1226 4433 ὃ
1241 4383 1270 4447 F,
1284 4384 1329 4434 sed
1341 4382 1365 4432 id
1378 4383 1473 4434 ΙίοοοΙι

364 4476 516 4519 transversa
528 4474 642 4519 notatum
713 4460 773 4532 ἥτε
784 4463 894 4532 κωνικὴ]
907 4461 924 4532 ἡ
935 4460 1077 4532 τεκτονικὴ
1090 4465 1148 4515 libri
1217 4464 1258 4515 22.
1277 4460 1292 4529 ἡ
1306 4479 1354 4515 om.
1366 4463 1405 4516 Bc

362 4545 486 4613 ταύταις]
500 4542 599 4613 ταύτης
610 4546 658 4611 BC,
671 4543 754 4615 ταύτῃ
767 4547 787 4598 F
857 4546 899 4597 23.
917 4547 1089 4618 περιφεροῦς
1101 4546 1140 4598 BC
1208 4545 1249 4596 24.
1268 4541 1328 4609 δύο]
1341 4540 1404 4610 θ’θ’
