3925 5742
510 775 541 825 32
990 727 1133 821 HERONIS

508 926 543 995 ἐν
563 929 611 1015 τῷ
633 926 666 1008 ς’
686 927 751 992 τῶν
771 922 951 1016 Εὐκλείδου
973 923 1034 990 δύο
1057 922 1224 990 δοθέντων
1245 921 1486 1012 εὐθυγράμμων
1509 915 1539 1012 ᾧ
1558 923 1621 1010 μὲν

510 1027 635 1115 ὅμοιον,
659 1020 688 1117 ᾧ
709 1029 746 1095 δὲ
768 1022 841 1096 ἴσον
862 1023 1097 1115 συστήσασθαι
1113 1022 1299 1113 πρόκειται.
1344 1022 1438 1093 κάκεῑ
1451 1023 1621 1115 μεσότητα

510 1127 669 1216 άνάλογον
696 1128 840 1218 εὑρόντες
867 1127 1072 1215 διὰταύτης
1098 1127 1381 1214 κατασκευάζομεν
1406 1129 1445 1196 τό
1468 1129 1620 1218 προβλη-

509 1231 586 1300 θέν·
610 1230 670 1299 ἐπὶ
693 1231 730 1298 δὲ
750 1232 814 1297 τῶν
835 1231 974 1319 στερεῶν
996 1229 1055 1296 διά
1078 1228 1138 1297 δύο
1158 1229 1356 1318 μεσοτήτων.

442 1381 500 1440 117
786 1367 860 1455 ριεί.
904 1362 1340 1455 Περὶίσωνγραμμῶν.
1639 1383 1654 1431 5

575 1470 678 1542 ,Νυνὶ
700 1470 738 1537 δὲ
759 1470 911 1537 καθόλου
928 1468 1063 1555 λέγομεν
1078 1469 1157 1556 περὶ
1170 1468 1231 1553 μὲν
1245 1465 1337 1554 ίσων,
1360 1467 1413 1539 ότι
1425 1466 1501 1538 ἴσαι
1516 1484 1619 1558 γραμ-

508 1569 658 1657 μαίεῖσι
681 1573 739 1639 καὶ
761 1570 959 1662 ἐπιφάνειαι
980 1573 1038 1639 καί
1060 1573 1176 1660 στερεά
1198 1570 1262 1640 ὅσα
1276 1569 1434 1659 ἁρμόττει
1450 1570 1513 1640 όλα
1528 1571 1620 1653 όλοις

508 1669 530 1762 ἢ
555 1674 639 1740 κατά
666 1673 764 1762 μέρος
788 1669 810 1763 ἢ
832 1674 921 1741 κατὰ
948 1672 1185 1762 σχηματισμόν.
1234 1675 1366 1763 λέγεται
1393 1675 1430 1742 δὲ
1457 1671 1533 1742 ἴσον
1562 1674 1619 1742 καὶ

509 1776 548 1843 τό
580 1773 831 1864 ίσοπερίμετρον
858 1776 899 1866 τῇ
926 1776 1066 1866 περιοχή
1092 1775 1151 1842 καὶ
1177 1777 1216 1844 τό
1242 1773 1318 1844 ’ίσον
1345 1781 1418 1856 ταῖς
1445 1780 1617 1865 γραμμαῖς,

470 1902 482 1939 ν
509 1874 594 1945 ὥστε
616 1877 674 1945 καί
695 1879 734 1944 τδ
757 1877 895 1967 ἒμβαδηί
918 1877 976 1945 καὶ
997 1879 1038 1944 τδ
1060 1880 1304 1968 ῒμονοεμβαδῷ.
1348 1875 1424 1945 ’ίσαι
1444 1875 1486 1958 ιδέ
1501 1873 1619 1965 γωνίαι
1639 1889 1667 1940 10

510 1976 593 2047 εἰσίν
620 1975 655 2046 αὶ
683 1975 930 2069 ἐφαρμόζουσαι
960 1976 1038 2047 όλαι
1067 1979 1161 2060 όλαις
1187 1979 1222 2048 ἐν
1238 1967 1318 2060 τοῖς
1339 1977 1521 2059 ἐπιπέδοις
1542 1973 1566 2068 ἢ
1587 1977 1620 2090 δη

508 2085 580 2159 τοῖς
606 2085 751 2168 στερεοῖς
778 2081 863 2148 κατὰ
890 2081 948 2169 τήν
976 2077 1077 2170 αύτήν
1105 2082 1292 2170 συναγωγήν
1317 2076 1340 2170 ή
1366 2081 1452 2148 κατά
1477 2080 1616 2167 μέροςη

469 2208 482 2246 ε
509 2182 594 2249 κατά
621 2181 859 2271 σχηματισμόν.
902 2180 975 2251 ίσοι
1004 2182 1040 2251 δὲ
1067 2182 1183 2249 κύκλοι
1206 2180 1297 2264 εἰσίν,
1321 2176 1365 2250 ὧν
1387 2180 1422 2250 αί
1445 2181 1620 2271 διάμετροι

509 2281 584 2352 ’ίσαι
613 2280 770 2373 άλλήλαις
797 2281 897 2353 είσίν·
931 2280 1003 2351 άπὸ
1031 2285 1092 2374 γάρ
1115 2291 1185 2351 ,τοῖν
1213 2283 1319 2352 αὐτῶν
1349 2282 1532 2373 διαμέτρων
1560 2280 1618 2350 ούκ

509 2382 601 2454 ἔστιν
623 2385 730 2474 ἕτερον
752 2386 810 2454 καὶ
833 2384 944 2474 έιερον,
964 2386 1082 2454 κύκλον
1103 2385 1297 2477 έπινοήσαι,
1321 2384 1480 2475 δοθείσης
1503 2386 1540 2453 δὲ
1560 2393 1620 2475 τῆς
1641 2404 1669 2454 15

470 2511 483 2547 4
511 2487 688 2576 διαμέτρου
712 2488 850 2556 δέδοται
871 2488 930 2555 καί
952 2485 971 2555 ὁ
995 2487 1111 2569 κύκλος
1131 2490 1179 2578 τῷ
1200 2491 1348 2576 μεγέθει.
1395 2490 1465 2572 [ἴσον
1479 2487 1524 2558 ’δὲ
1548 2487 1619 2558 όπέ-

509 2622 570 2677 χειν
600 2589 650 2672 τάς
679 2589 793 2674 εὐθείας
821 2588 934 2678 λέγεται
964 2594 1017 2660 τού
1044 2596 1167 2679 κέντρου,
1200 2588 1246 2662 ότε
1276 2592 1335 2662 άτιδ
1361 2599 1412 2663 τού
1434 2598 1548 2683 κέντρου
1572 2595 1618 2665 ἐπ’

511 2695 598 2779 αότάς
621 2696 746 2767 κάθετοι
769 2695 903 2788 άγόμεναι
928 2696 991 2768 ίσαι
1015 2689 1085 2787 άνσι·
1108 2709 1202 2790 μεῖζον
1227 2703 1258 2769 δὲ
1281 2700 1331 2786 ἐφ’
1356 2691 1387 2790 ἢν
1410 2699 1428 2790 ἡ
1448 2704 1548 2792 μείζων
1563 2700 1619 2771 κοί-

465 2830 478 2867 5
510 2815 595 2884 θετος
624 2805 742 2885 πίπτειλ.
793 2800 853 2870 ίσα
886 2805 924 2871 δὲ
952 2805 1068 2892 στερεά
1096 2805 1250 2893 σχήματά
1276 2804 1343 2874 είσι
1369 2806 1411 2874 τά
1439 2804 1508 2875 όπδ
1537 2806 1620 2875 ἴσων

510 2905 682 2975 ἐπιπέδων
703 2906 922 2994 περιεχόμενα
944 2908 1002 2977 καί
1025 2907 1149 2994 ὁμοίως
1171 2912 1338 2996 κειμένων,
1366 2907 1449 2979 ίσων
1469 2912 1510 2979 τό
1533 2912 1620 3000 πλή-
1640 2927 1671 2978 20

509 3016 574 3090 θος
595 3009 652 3077 καί
674 3011 712 3076 τό
735 3007 887 3095 μέγεθος.

445 3130 500 3192 118
522 3129 600 3220 ρις’.
644 3129 744 3219 Περὶ
768 3126 882 3198 ίῖσων
904 3130 971 3197 καὶ
994 3126 1362 3199 α’ντιπεπονδότων
1383 3130 1604 3221 σχημάτων.

593 3230 716 3318 ’Όμοιά
739 3228 805 3300 εἰσι
828 3231 981 3320 σχήματα
1003 3227 1221 3318 εὐθύγραμμα
1242 3233 1284 3298 τὰ
1307 3229 1423 3316 ἔχοντα
1438 3234 1523 3300 κατά
1537 3232 1620 3319 μίαν

507 3335 568 3414 τάς
590 3327 710 3421 γωνίας
731 3330 817 3413 ἰ’σας.
862 3333 920 3400 καὶ
942 3328 1049 3412 άλλως
1057 3345 1066 3372 ·’
1088 3331 1151 3400 ὅσα
1172 3333 1233 3412 τάς
1254 3359 1290 3400 τε
1312 3333 1430 3420 γωνίας
1451 3332 1529 3416 ἴσας
1551 3332 1619 3421 ἔχει

508 3436 594 3502 κατά
615 3432 695 3519 μίαν
717 3436 774 3503 καὶ
795 3436 856 3514 τάς
878 3435 956 3522 περί
978 3435 1039 3513 τὰς
1060 3431 1137 3514 ’ίσας
1153 3433 1272 3521 γωνίας
1287 3437 1430 3526 πλευρὰς
1445 3433 1617 3526 άνάλογον.
1638 3453 1668 3503 25

509 3534 786 3605 ἀντιπεπονθότα
816 3537 854 3603 δὲ
880 3534 1032 3625 σχήματά
1060 3534 1155 3618 εἰσιν,
1185 3536 1219 3603 ἐν
1246 3529 1297 3618 οἷς
1323 3537 1356 3605 έν
1382 3535 1527 3629 ἑκατέρῳ
1553 3541 1619 3607 τῶν

509 3636 683 3726 σχημάτων
713 3635 889 3726 ήγούμενοί
919 3663 956 3705 τε
984 3639 1041 3704 καὶ
1067 3635 1225 3723 ἑπόμενοι
1252 3639 1346 3726 λόγοι
1372 3638 1464 3709 είσίν.
1515 3639 1619 3727 ὅμοια

507 3739 662 3827 τμήματα
688 3739 814 3807 κύκλων
841 3735 908 3807 είσὶ
934 3740 976 3804 τὰ
1005 3737 1164 3825 δεχόμενα
1192 3738 1311 3825 γωνίας
1337 3737 1428 3826 ἴσας,
1453 3737 1476 3832 ή
1502 3741 1538 3811 έν
1565 3735 1618 3824 οἷς

509 3838 544 3909 αἱ
566 3838 683 3928 γωνίαι
705 3838 780 3910 ίσαι
800 3838 880 3910 εἶσί·
903 3839 1147 3930 παραπλησίως
1162 3840 1200 3909 δέ
1215 3842 1272 3910 καί
1286 3842 1440 3931 τμήματα
1454 3846 1616 3935 σφαιρῶν.

577 4020 599 4071 1.
619 4017 659 4083 ς’]
672 4017 713 4080 ις’
727 4020 876 4086 1ἰ1ισί,ἑκτῷ
888 4019 928 4070 Da
939 4021 974 4084 (v.
989 4020 1060 4070 Eucl.
1076 4020 1099 4083 6,
1113 4021 1155 4083 25)
1225 4005 1264 4070 τόν
1275 4016 1329 4088 μὲν
1341 4013 1444 4089 ὅμοιον
1456 4008 1495 4076 ὧν
1507 4021 1539 4074 δὲ
1548 4023 1617 4089 libri,

507 4102 628 4154 εοεε.1)σ
696 4103 719 4152 2.
733 4105 823 4170 μέσον
835 4103 893 4152 libri
962 4102 987 4152 4.
1006 4099 1061 4164 ἐπὶ]
1076 4099 1136 4152 ἔστι
1148 4101 1207 4152 libri
1258 4101 1282 4150 6.
1301 4100 1425 4169 λέγωμεν
1436 4102 1476 4155 Da
1489 4105 1569 4167 (reete
1582 4105 1616 4155 li-

505 4183 558 4246 Ιιεί;
576 4180 641 4232 conf.
655 4198 677 4248 p.
693 4183 734 4247 34,
749 4185 788 4234 13.
807 4185 849 4248 38,
861 4184 886 4248 3)
967 4183 1107 4250 γραμμαί]
1123 4185 1234 4251 γραφαί
1248 4183 1267 4232 Β
1355 4182 1394 4234 10.
1413 4184 1452 4252 τῷ
1469 4182 1585 4254 ἐμβαδῷ
1598 4185 1617 4235 Β

486 4263 545 4313 -Da
613 4259 645 4314 τὸ
657 4265 775 4327 alterum]
793 4264 832 4328 τῷ
845 4259 876 4313 τὸ
889 4264 916 4328 Β,
932 4263 1055 4331 τῷδ’δο
1122 4260 1328 4333 μόνῳίμβαδῴ
1340 4262 1380 4314 Da
1451 4265 1491 4316 13.
1508 4261 1615 4332 κύκλοι]

507 4338 584 4408 κύβοι
597 4343 657 4400 libri
728 4344 766 4394 14.
786 4341 918 4408 άλλήλαισ
930 4352 957 4395 et
969 4359 1096 4409 suprascr.
1112 4363 1153 4403 οις
1165 4345 1195 4410 F,
1208 4339 1337 4412 άλλήλοις
1349 4345 1368 4394 Β
1438 4345 1478 4397 16.
1500 4344 1617 4398 δέδοται

508 4439 555 4473 om.
570 4423 628 4473 libri
700 4425 738 4476 17.
764 4419 884 4476 ὅτανδα
952 4420 1110 4488 ἐπ’]άπἜ
1178 4427 1217 4477 18.
1235 4427 1339 4496 μείζων
1351 4426 1418 4490 libri,
1431 4442 1499 4477 corr.
1513 4427 1555 4478 Ιλο

507 4503 548 4554 20.
568 4501 631 4554 λσον
642 4504 700 4554 libri
770 4507 808 4571 τῷ
820 4501 922 4572 πλήθει
939 4506 986 4556 καὶ
999 4507 1037 4572 τῷ
1048 4506 1197 4574 μεγέθειίῑ
1267 4507 1308 4557 22.
1329 4509 1407 4570 ἴσων]
1419 4508 1493 4559 immo
1507 4503 1618 4577 ὁμοίων

586 4579 854 4638 ἀντιπεποδότωνΒ
923 4587 963 4637 28.
982 4581 1078 4638 κύκλοι
1090 4587 1149 4638 libri
