3925 5742
887 788 1077 840 amerino
1386 762 1388 767 ’
1491 811 1540 853 m

425 936 521 1021 μέτρα
549 935 709 1023 μαρμαίρων
735 936 784 1003 uui
807 940 945 1005 παντοίων
968 936 1069 1024 ξύλων.
1116 939 1181 1021 Qui
1203 940 1332 1006 libellus
1354 964 1452 1028 quam
1476 943 1538 1008 ori-

426 1042 540 1126 ginem
574 1044 693 1110 habeat
726 1054 760 1109 et
789 1045 950 1132 quomodo
980 1047 1023 1110 ad
1051 1048 1136 1111 hano
1166 1046 1373 1132 depravatam
1401 1048 1539 1114 formam

426 1170 512 1233 quac
536 1173 623 1215 nunc
646 1158 753 1216 exstat
774 1150 923 1216 redactus
947 1152 998 1235 sit,
1022 1152 1215 1239 gravissima
1237 1161 1286 1218 est
1301 1153 1458 1239 quaestio,
1482 1154 1539 1219 sed

425 1255 536 1321 aliena
564 1281 584 1320 a
612 1266 723 1322 nostro
753 1257 910 1323 instituto.
955 1257 1053 1324 Nunc
1083 1258 1171 1324 enim
1195 1259 1283 1349 satis-
1296 1281 1368 1325 osso
1390 1258 1538 1325 ducimus

425 1372 616 1427 contextum
644 1362 819 1429 verborum
842 1386 860 1427 e
882 1365 974 1429 libris
997 1387 1095 1429 manu
1118 1364 1245 1451 scriptis
1268 1388 1366 1450 quam
1388 1364 1539 1430 emenda·

424 1468 588 1534 tissimum
611 1470 760 1536 edidisse.
806 1470 930 1535 Omnes
952 1479 1060 1534 autem
1085 1470 1214 1534 codices
1229 1470 1346 1557 quibus
1362 1471 1412 1536 usi
1428 1493 1539 1536 sumus

424 1575 566 1641 derivati
589 1585 664 1640 sunt
685 1599 704 1641 e
726 1577 808 1642 libro
831 1576 1025 1641 foedissimis
1048 1576 1112 1641 iam
1134 1575 1260 1640 mendis
1282 1576 1468 1663 inquinato,
1492 1587 1538 1642 at·

425 1703 492 1768 que
520 1680 584 1768 ipsi
612 1692 796 1747 nostrorum
827 1682 975 1747 codicum
997 1682 1121 1747 librarii
1143 1683 1298 1747 nonnulla
1322 1706 1378 1748 sua
1402 1684 1539 1771 quisque

353 1816 356 1817 ⁷
424 1787 507 1851 vitia
536 1785 744 1872 addiderunt3
776 1788 832 1854 sed
860 1788 991 1854 omnino
1021 1786 1050 1851 B
1080 1788 1188 1874 paullo
1218 1797 1383 1874 praestare
1411 1787 1539 1853 videtur

425 1891 556 1957 ceteris.
602 1893 726 1958 Verum
758 1893 855 1958 etiam
883 1892 919 1958 Μ
947 1903 980 1958 01
1009 1893 1039 1958 Ο
1069 1893 1228 1980 quaedam
1254 1893 1376 1959 habent
1397 1894 1538 1981 propria,

425 2021 512 2084 quac
535 2001 702 2084 probanda
725 1999 790 2064 sint
813 2010 925 2064 contra
947 1998 1088 2064 Parisini
1108 1999 1343 2066 auctoritatem.
1388 2000 1441 2066 De
1456 1999 1539 2066 Am·

425 2105 580 2168 brosiano
604 2104 666 2190 (N)
691 2115 813 2170 certum
830 2105 984 2171 iudicium
1001 2105 1070 2170 ficri
1086 2130 1151 2171 non
1166 2116 1280 2193 potest,
1307 2107 1425 2194 quippe
1441 2128 1538 2194 quom

425 2234 446 2275 a
469 2209 561 2276 Maio
585 2210 791 2296 indiligenter
814 2212 934 2277 editum
959 2234 1030 2276 esse
1054 2222 1216 2299 appareat.
1263 2212 1331 2278 Ubi
1354 2212 1454 2298 igitur
1469 2212 1538 2277 eius

424 2315 574 2379 incuriae
597 2326 708 2402 aperta
730 2317 791 2381 fuit
812 2317 997 2404 suspitionis
1021 2341 1128 2399 causa,
1151 2317 1197 2384 ibi
1212 2321 1284 2382 Mai
1299 2318 1464 2404 posuimus
1480 2340 1538 2403 pro

424 2421 476 2505 N3
500 2421 559 2485 sed
581 2431 690 2486 tamen
713 2423 810 2488 etiam
833 2423 980 2489 nonnulli
1001 2445 1042 2488 ex
1058 2423 1098 2486 iis
1113 2422 1205 2501 locis,
1229 2423 1284 2488 ubi
1301 2422 1422 2488 codicis
1437 2421 1537 2509 ipsius

425 2536 541 2591 notam
565 2527 804 2615 adscripsimus,
829 2529 1061 2596 dubitationem
1085 2528 1268 2594 admittunt

517 2631 561 2697 X.
608 2634 751 2699 Variae
776 2634 1047 2700 collectiones
1071 2658 1112 2699 ex
1135 2635 1268 2701 Herone
1290 2634 1428 2700 Euclide
1451 2634 1536 2701 aliis·

425 2763 492 2827 quc
516 2740 552 2804 in
574 2741 740 2807 codicibus
762 2739 850 2807 BOF
874 2743 1026 2808 continuo
1051 2741 1233 2829 adscriptae
1250 2742 1379 2807 suntad
1394 2740 1537 2807 Heronis

426 2846 642 2912 definitiones.
688 2845 760 2912 Nec
775 2847 845 2934 ipse
861 2848 1027 2931 terminus,
1051 2848 1106 2914 ubi
1122 2848 1184 2913 hae
1199 2848 1357 2931 desinant,
1381 2847 1539 2935 incipiant

425 2952 520 3033 illac,
552 2952 681 3040 proprie
703 2963 811 3039 potest
833 2953 969 3019 definiri.
1014 2953 1101 3020 Nam
1124 2963 1180 3020 aut
1202 2963 1345 3021 extrema
1368 2975 1452 3040 quae
1474 2954 1537 3042 ego

399 3089 402 3092 -
425 3058 670 3124 definitionibus
693 3059 826 3124 aarum
850 3059 933 3146 (sap.
955 3059 1154 3145 rao-133)
1179 3044 1461 3125 reseraretur
1479 3059 1538 3125 ns

425 3164 536 3229 varias
566 3164 788 3245 collectiones,
819 3174 874 3229 aut
902 3187 985 3252 quae
1016 3165 1078 3229 duo
1105 3165 1209 3252 prima
1233 3165 1338 3251 capita
1362 3164 1537 3230 earundem
1612 3153 1614 3157 ⁵

427 3269 657 3334 collectionum
683 3269 762 3352 feci,
794 3293 832 3335 ca
854 3271 989 3336 forsitan
1012 3270 1084 3358 quis
1107 3270 1198 3334 malit
1220 3269 1381 3362 adscripta
1403 3290 1474 3333 csse
1497 3268 1540 3333 ad

428 3386 591 3442 extremas
615 3375 828 3441 definitiones.
874 3373 940 3442 Sed
962 3386 1071 3442 tamen
1096 3376 1244 3463 equidem
1268 3376 1320 3439 vel
1343 3373 1377 3440 in
1391 3373 1453 3440 bac
1470 3397 1536 3440 am-

427 3481 589 3568 biguitate
613 3483 693 3547 certi
717 3482 866 3570 quiddam
888 3493 1017 3550 secutus
1035 3505 1120 3548 sum:
1146 3483 1251 3569 quoad
1267 3481 1351 3547 enim
1368 3481 1469 3546 index
1482 3479 1538 3567 qui

431 3587 672 3671 delinitionibus
701 3589 896 3676 praemissus
926 3599 975 3654 est
1004 3589 1155 3676 congruit
1184 3613 1257 3655 cum
1280 3587 1350 3675 ipso
1374 3596 1538 3670 contextu,

430 3717 468 3758 eo
498 3717 603 3781 usque
631 3694 832 3759 definitiones
861 3695 906 3759 ita
934 3695 1087 3782 perduxi,
1117 3704 1152 3760 ut
1182 3704 1326 3760 extrema
1353 3694 1539 3783 appendicis

430 3801 532 3866 instar
555 3801 664 3866 addita
688 3824 757 3866 esse
781 3801 1013 3889 significarem3
1037 3825 1119 3889 quae
1136 3810 1241 3866 autem
1259 3823 1297 3864 eo
1313 3801 1384 3865 loco
1401 3822 1538 3887 sequun-

430 3917 482 3972 tur
504 3906 562 3972 ubi
585 3906 683 3972 index
705 3909 910 3995 praenuntiat
934 3896 1061 3990 Ἥρωνος
1091 3900 1185 3992 ἆρχὴν
1209 3907 1262 3972 τῶν
1285 3905 1539 3992 γεωμετρουμένων,

383 4063 386 4066 -
431 4014 586 4101 quoniam
608 4013 683 4077 hinc
707 4037 809 4101 usque
833 4022 1004 4079 contextus
1027 4013 1060 4077 in
1083 4012 1174 4078 libris
1198 4014 1295 4079 manu
1318 4011 1444 4101 scriptis
1467 4034 1539 4098 pro·

432 4129 569 4206 pagatus
599 4130 709 4206 aperte
739 4129 900 4207 repugnat
927 4116 1045 4202 indici,
1074 4119 1154 4182 haec
1183 4118 1355 4205 separatim
1369 4111 1476 4204 ‘posui
1499 4139 1538 4182 ac

433 4225 524 4291 titulo
548 4224 711 4291 variarum
728 4226 953 4292 collectionum
970 4223 1206 4310 comprehendi.
1251 4222 1417 4311 Incipiunt
1433 4229 1540 4287 antem

434 4355 488 4398 eae
518 4331 553 4396 in
576 4330 605 4395 B
629 4331 685 4396 fol.
701 4333 765 4396 29¹³
786 4354 868 4398 vers.
886 4332 921 4414 8,
952 4331 985 4395 in
1008 4329 1037 4395 F
1059 4330 1113 4394 fol.
1137 4329 1195 4393 63¹³
1221 4353 1305 4395 vers.
1323 4327 1359 4410 5,
1390 4317 1540 4394 desinunt

435 4437 539 4502 medio
568 4437 675 4525 capite
704 4440 745 4503 86
775 4461 813 4504 eo
842 4439 914 4504 loco
943 4461 1039 4525 quem
1061 4436 1095 4500 in
1119 4435 1324 4502 adnotatione
1349 4433 1539 4522 significavi.

437 4541 589 4608 Codicum
613 4541 727 4610 Onon
755 4544 886 4609 contuli.

1292 4646 1337 4698 Β*
