3925 5742
813 765 1019 820 αιοκετεω.
1278 747 1281 751 ’
1408 770 1471 823 -ιε

448 927 522 991 Τῶν
550 924 588 992 δὲ
612 917 860 1013 τετραπλεύρων
882 919 1058 1010 σχημάτων
1078 920 1278 1009 τετράγωνον
1298 923 1359 1007 μέν
1379 920 1471 989 ἔστιν
1490 919 1523 986 ἰε

352 1019 373 1093 ὃ
400 1023 602 1115 ἰσόπλευρόν
622 1024 661 1093 τέ
682 1023 755 1093 έστι
777 1023 836 1091 καί
858 1019 1074 1111 ὀρθογώνιον,
1098 1019 1292 1112 ἑτερόμηκες
1313 1022 1351 1093 δδ
1371 1016 1392 1093 λλ
1413 1020 1472 1110 ἀρ-

351 1125 526 1215 θογαίνιον
552 1126 622 1213 μέν,
648 1123 707 1195 οάκ
730 1121 927 1212 ἰσόπλευρον
949 1122 1000 1206 δέ,
1028 1121 1152 1212 ῥόμβος
1174 1123 1212 1192 δὲ
1233 1115 1254 1192 δ
1275 1121 1472 1212 ἰσόπλευρον

314 1348 331 1397 5
352 1331 502 1421 πλευράς
523 1331 639 1398 τεκαὶ
661 1328 782 1419 γωνίας
802 1325 881 1408 ἴσας
903 1324 1063 1416 ἀλλήλαις
1083 1322 1166 1411 έχον,
1187 1320 1297 1394 δοῗίτε
1312 1323 1470 1396 ίοόπλευ-

353 1431 413 1519 ρόν
434 1431 526 1500 έστιν
547 1429 623 1500 οὔτε
645 1429 876 1520 ὀρθογώνιον·
904 1431 947 1497 τά
964 1429 1004 1497 δὲ
1018 1429 1110 1519 παρά
1126 1434 1231 1496 ταῦτα
1245 1426 1471 1519 τετράπλευρα

355 1533 524 1622 τραπέζια
546 1532 728 1603 καλείσθω.

376 1641 381 1649 ’
440 1634 658 1727 Παράλληλοί
679 1633 764 1704 εἰσιν
786 1633 933 1718 εὐθεῖαι,
957 1635 1080 1715 αἳτινες
1101 1633 1135 1703 έν
1156 1634 1205 1722 τῷ
1229 1628 1321 1723 αάτῷ
1343 1631 1468 1701 έπιπέ-
1496 1659 1522 1698 ιο

353 1741 404 1829 δην
426 1731 527 1808 οάσαι
547 1738 607 1808 καί
628 1738 867 1826 ἐκβαλλόμεναι
890 1733 938 1818 είς
953 1732 1095 1824 ἀπειρον
1109 1732 1165 1827 ἀφ’
1180 1731 1319 1824 ἑκάτερα
1332 1735 1468 1823 τὰμέρη

300 1857 334 1906 10
355 1840 418 1910 ἐπί
440 1838 605 1930 μηδέτερα
627 1838 878 1926 συμπίπτουσιν
900 1834 1067 1927 ἀλλήλαις.

472 2067 475 2072 ·
522 2042 696 2136 Ἥρωνος
718 2041 814 2137 ἀρχή
837 2045 912 2111 τῶν
934 2040 1295 2132 γεωμετρουμένων.
1491 2050 1510 2112 2

438 2183 572 2264 Καθιδς
596 2178 685 2271 ήμᾶς
712 2179 731 2248 ὁ
754 2180 905 2265 παλαιὸς
931 2177 1086 2248 διδάσκει
1112 2178 1235 2266 λόγος,
1255 2177 1287 2250 οί
1314 2183 1469 2253 πλεῖστοι

351 2289 426 2365 τοῖς
457 2284 540 2372 περί
571 2286 630 2373 τήν
662 2287 721 2373 γῆν
754 2283 888 2371 μέτροις
913 2282 972 2349 καί
1000 2282 1174 2367 διανομαῖς
1202 2277 1468 2372 ἀπησχολοῦντο·

352 2385 439 2456 ὅθεν
464 2386 524 2454 καί
553 2383 736 2475 γεωμετρία
764 2385 902 2475 έκλήθη.
945 2380 965 2474 ή
977 2385 1028 2451 ’δὲ
1049 2384 1108 2473 τῆς
1128 2382 1314 2479 μετρήσεως
1334 2379 1469 2453 ἐπίνοια

296 2512 329 2561 15
350 2486 494 2579 ηὕρηται
521 2485 607 2578 παρ’
634 2485 853 2576 Αἰγυπτίοις.
899 2487 1046 2574 διάγδρ
1073 2485 1131 2574 τήν
1156 2487 1217 2553 τοῦ
1238 2483 1361 2553 Νείλου
1388 2480 1470 2553 ἀνά-

352 2598 461 2677 βασιν
483 2591 595 2658 πολλὰ
615 2587 721 2682 χωρία
747 2589 874 2681 φανερὰ
900 2585 980 2657 ἀντα
1006 2590 1047 2678 τῇ
1074 2584 1236 2674 ἀναβάσει
1264 2586 1375 2680 ἀφανῆ
1401 2585 1469 2675 ἐγί-

355 2717 462 2780 γνετο,
485 2693 597 2762 πολλὰ
620 2693 659 2761 δέ
680 2692 738 2760 καί
759 2692 842 2778 μετά
863 2693 922 2782 τήν
943 2687 1130 2783 ἀπόβασιν·
1152 2692 1211 2759 καί
1232 2688 1344 2760 οάκέτι
1357 2682 1397 2781 ήν
1412 2693 1470 2758 δο-

352 2795 455 2863 νατδν
477 2793 616 2863 ἕκαστον
638 2795 819 2882 διακρίνειν
840 2795 882 2861 τά
903 2791 989 2862 ἰ’δια.
1034 2795 1092 2862 διὰ
1113 2795 1212 2862 τοῦτο
1234 2791 1416 2884 ἐπενόησαν
1436 2790 1470 2863 οί

356 2895 556 2985 Αἰγύπτιοι
587 2897 685 2986 τήνδε
715 2897 773 2986 τήν
805 2895 971 2987 μέτρησιν,
992 2897 1089 2967 -ποτί
1115 2897 1174 2982 μέν
1205 2897 1253 2985 τῷ
1279 2894 1469 2985 καλουμένῳ

299 3022 334 3073 20
350 2996 508 3090 σχοινέην,
542 2998 626 3068 ποτὲ
662 2999 700 3067 δὲ
725 2997 883 3087 καλάμην,
916 2999 1000 3067 ποτὲ
1026 2998 1146 3067 δὲκαὶ
1174 2995 1300 3089 ἑτέροις
1325 2997 1469 3085 μέτροις.

353 3099 541 3190 ἀναγκαίας
560 3100 669 3169 τοίνυν
688 3108 748 3191 τῆς
768 3101 957 3192 μετρήσεως
978 3097 1078 3192 οίίσης
1100 3099 1147 3181 είς
1161 3100 1273 3169 πάντα
1288 3097 1470 3186 ἀνθρωπον

355 3205 538 3296 φιλομαθῆ
559 3203 744 3293 περιῆλθεν
764 3199 786 3294 ή
806 3200 911 3293 χρεία.

354 3411 559 3423 -ι--

423 3540 485 3593 cod.
498 3540 575 3606 ΑΒΕ,
586 3539 608 3593 G
620 3541 669 3592 inc.
683 3555 753 3592 vers.
768 3541 809 3604 11,
822 3541 876 3593 δεε.
890 3543 922 3594 22
936 3544 971 3607 (v.
986 3541 1064 3607 (ἰείη).
1078 3541 1130 3607 94).

352 3622 491 3691 γωνίαςΕ
576 3622 602 3674 2.
621 3621 682 3673 ἔστι
693 3630 751 3688 post
764 3616 942 3690 ὀρθογώνιον
953 3622 1029 3674 λεαίνει
1041 3621 1063 3671 Ι)
1142 3623 1168 3673 4.
1187 3618 1358 3675 ἀπεναντίον
1368 3622 1399 3687 D,
1412 3619 1464 3674 ἀπ’

352 3702 517 3756 ἐναντίουΕ
588 3704 612 3755 7.
630 3702 794 3756 καλοῖντοΕ
863 3705 888 3756 8.
907 3701 1104 3761 arnugum
1174 3703 1199 3752 9.
1214 3703 1356 3755 καλοιυ.Ε
1425 3701 1468 3756 ὲκ-

352 3780 528 3854 βάλλομαιλ)
605 3782 725 3854 ἑκατέρω
737 3784 776 3835 τῶ
787 3783 900 3853 μέρειΕ
989 3785 1028 3836 10.
1047 3783 1096 3836 ἐπὶ
1107 3781 1256 3856 μηδέτερα]
1268 3779 1309 3853 μὴ
1321 3781 1349 3835 δ’
1365 3778 1467 3841 ὄλωςλλ

423 3873 485 3931 post
496 3859 627 3930 ἀλλήλαις
638 3864 661 3915 D
672 3864 748 3916 habet
760 3879 791 3916 οε
803 3880 866 3931 quae
879 3863 944 3916 infra
957 3880 1012 3933 onp.
1027 3866 1042 3918 ³
1054 3865 1071 3933 ξ
1083 3866 1184 3916 22-24
1196 3865 1316 3930 leguntur
1380 3865 1421 3917 13.
1439 3882 1468 3918 τε

354 3953 415 4012 post
425 3945 543 4016 μέτροις
554 3944 609 3997 εδδ.
623 3944 670 3998 EG
734 3947 774 4018 14.
792 3947 993 4017 γαιομετρίαΕ
1043 3947 1229 4018 μετρίσεωςλδ
1294 3947 1334 3997 15.
1351 3939 1469 4016 ηὕρηται

353 4027 386 4091 Α,
399 4021 584 4097 εδρηταιτεΙΙ.
657 4026 696 4076 16.
707 4029 809 4094 χωρία]
823 4023 991 4098 γωράφιαΙ)
1060 4025 1221 4095 ἔγίνοντοΕ
1292 4026 1331 4076 11.
1348 4031 1466 4078 καλειται

353 4103 427 4178 μετὰ
438 4123 487 4159 om.
502 4106 525 4159 G
620 4108 661 4159 22.
681 4116 740 4174 post
751 4124 806 4175 υερ.
820 4109 836 4159 2
848 4109 872 4159 in
885 4108 906 4159 Ι)
918 4110 1044 4160 adduntur
1055 4109 1162 4174 primum
1174 4123 1205 4158 ιε
1218 4122 1280 4175 quae
1289 4107 1355 4160 infra
1367 4107 1392 4158 in
1403 4106 1466 4159 νου.

355 4190 418 4242 coll.
431 4204 487 4256 cap.
502 4189 534 4240 15
546 4190 671 4255 dedimus,
685 4190 775 4241 deinde
786 4191 860 4243 haec:
877 4187 1051 4260 Ἱστοροῡσιν
1063 4191 1092 4240 οἱ
1102 4185 1266 4260 γεωγράφοι
1277 4187 1325 4255 τῆς
1335 4188 1468 4254 Βαβυλῶ-

354 4286 404 4327 νος
420 4267 472 4336 τήν
486 4268 541 4340 μὲν
556 4273 727 4342 περίμετρον
738 4269 813 4339 ἔχειν
825 4270 957 4332 σταδίους
968 4269 1041 4337 τπε’,
1055 4271 1156 4328 οἵτινες
1166 4274 1294 4338 γίνονται
1308 4269 1389 4340 μίλια
1404 4265 1466 4322 ου’·

355 4347 387 4402 τὸ
405 4349 438 4404 δὲ
453 4347 548 4420 πάχος
558 4352 611 4402 τοῦ
619 4353 729 4420 τείχους
740 4351 841 4406 ποδῶν
851 4347 896 4420 λα’
908 4347 971 4420 ἤτοι
982 4350 1106 4406 ἀκαινῶν
1116 4350 1144 4419 μ’
1158 4347 1195 4403 δ”
1211 4347 1299 4421 ήγουν
1311 4350 1411 4418 πηγῶν
1421 4347 1466 4403 κ’·

354 4427 432 4500 ὕψος
448 4429 481 4483 δὲ
496 4433 554 4486 τῶν
568 4430 622 4502 μὲν
637 4436 840 4504 μεσοπυργίων
856 4436 959 4504 πηχῶν·
971 4431 1010 4499 ν’,
1027 4435 1082 4488 τῶν
1097 4432 1130 4486 δὲ
1141 4427 1257 4505 πύργων
1276 4427 1416 4498 ἑξήκοντα.
1439 4431 1466 4486 ln

355 4514 448 4580 quibus
465 4515 652 4568 emendavimus
668 4514 728 4583 τήν
742 4513 797 4585 μὲν
814 4519 986 4587 περίμετρον
1001 4532 1048 4583 pro
1064 4514 1127 4581 τὸν,
1140 4511 1264 4569 ἀκαινῶν
1273 4529 1322 4581 ρει
1333 4511 1466 4580 σταδίων,

355 4595 499 4647 delevimus
511 4591 543 4646 τὸ
556 4604 614 4662 post
624 4594 687 4666 μὲν.
932 4598 934 4601 ’
