3925 5742
704 771 828 824 vAfllAE
847 773 1107 827 COLLECTIONES.
1410 777 1460 827 259

348 927 408 994 καί
441 923 568 1016 αἴτημα
600 925 658 992 καί
690 925 729 991 τδ
764 921 904 1009 ἀξίωμα.
953 926 1012 992 καί
1037 926 1077 992 τδ
1104 926 1163 1012 μέν
1190 923 1236 1006 ῶς
1263 923 1461 1016 εὐπόριστόν

348 1027 564 1114 λαμβάνεται,
585 1026 625 1093 τό
649 1026 686 1093 δέ
707 1022 753 1105 ῶς
775 1022 965 1112 είγνωστον.

435 1136 511 1196 Πᾶν
533 1127 712 1216 πρόβλημα
733 1131 792 1195 καί
814 1132 882 1195 πᾶν
903 1128 1066 1218 θεώρημα
1086 1132 1125 1198 τδ
1148 1131 1184 1199 ἑκ
1205 1129 1338 1198 τελείων
1360 1126 1460 1198 αδτοῦ
1475 1134 1515 1195 27

349 1238 456 1316 μερῶν
477 1228 737 1317 πεπληρωμένον
757 1228 914 1314 βούλεται
934 1233 1040 1298 ταῦτα
1060 1231 1171 1299 πάντα
1192 1230 1278 1315 ἔχειν
1293 1231 1326 1300 έν
1340 1230 1460 1320 έαυτῶ,

311 1355 328 1403 5
352 1331 525 1419 πρότασιν,
549 1329 695 1411 έκδεσιν,
719 1331 908 1417 διορισμόν,
934 1333 1147 1422 κατασκευήν,
1171 1332 1353 1416 ἀπόδειξιν,
1377 1357 1461 1419 συμ-
1558 1387 1560 1391 -

349 1435 515 1522 πέρασμα.
557 1431 682 1500 τούτων
705 1431 743 1499 δέ
763 1429 783 1521 ή
807 1433 866 1518 μέν
887 1433 1052 1521 πρότασις
1072 1435 1163 1522 λέγει
1178 1437 1269 1516 τινδς
1283 1435 1459 1520 δεδομένων

347 1535 383 1604 τί
403 1537 443 1604 τὸ
463 1534 655 1626 ζητούμενόν
674 1531 778 1601 ἐστιν·
799 1533 819 1622 ή
836 1537 896 1621 γάρ
910 1533 1022 1603 τελεία
1035 1537 1200 1621 πρότασις
1215 1537 1252 1620 ἐξ
1265 1534 1461 1628 ἀμφοτέρων

348 1637 447 1708 έστίν.
481 1636 502 1727 ή
523 1636 560 1704 δέ
576 1633 714 1714 ἔκδυσις
729 1632 810 1703 αάτδ
824 1633 910 1704 καθ’
925 1636 1006 1705 αδτδ
1020 1639 1060 1705 τδ
1077 1641 1254 1723 δεδομένον
1269 1635 1458 1706 ἀποδιαλα-

347 1742 456 1828 βοόσα
470 1737 724 1827 προειτρεπίζει
738 1745 779 1827 τῇ
795 1737 935 1827 ζητήσει.
959 1737 978 1807 ό
995 1739 1033 1808 δέ
1049 1741 1225 1828 διορισμός
1238 1740 1338 1827 χωρίς
1351 1741 1391 1806 τό
1404 1742 1460 1829 ζη-

294 1861 328 1912 10
347 1843 504 1927 τοόμενον
526 1839 546 1909 ό
566 1865 601 1906 τι
623 1840 707 1909 ποτέ
725 1841 797 1909 ε’στι
813 1843 981 1931 διασαφεῖ.
1012 1840 1085 1930 ήδὲ
1100 1843 1283 1931 κατασκευή
1299 1841 1341 1908 τά
1357 1839 1460 1908 ἐλλεί-

348 1969 457 2012 ποντα
477 1951 526 2033 τῷ
548 1942 711 2032 δεδομένῳ
733 1943 818 2029 πρὸς
838 1943 897 2030 τήν
917 1944 975 2010 τοῦ
1002 1942 1197 2031 ζητουμένου
1221 1942 1332 2010 αἰτίαν
1352 1964 1459 2031 προσ-

346 2045 495 2135 τίθησιν.
539 2040 559 2132 ή
589 2046 627 2111 δὲ
654 2039 831 2122 ἀπόδειξις
858 2040 1123 2134 ἐπιστημονικῶς
1150 2044 1187 2112 ἐκ
1208 2047 1274 2111 τῶν
1297 2041 1461 2133 ὁμολογη-

346 2148 477 2216 θέντων
508 2144 643 2231 συνάγει
674 2146 714 2212 τδ
743 2138 968 2232 προκείμενον.
1016 2148 1056 2213 τδ
1084 2146 1122 2213 δέ
1149 2149 1374 2232 συμπέρασμα
1400 2145 1459 2214 &aa

346 2250 407 2338 τήν
439 2247 604 2333 πρότασιν
631 2245 735 2313 πάλιν
762 2243 962 2336 ἀναστρέφει
990 2253 1148 2334 βεβαιοῦν
1174 2249 1213 2314 τδ
1242 2248 1459 2334 δεδειγμένου.

294 2373 327 2422 15
348 2350 407 2419 καὶ
431 2351 474 2417 τά
499 2350 560 2435 μέν
586 2347 764 2433 σύμπαντα
790 2347 870 2437 μέρη
897 2349 962 2414 τῶν
987 2374 1024 2414 τε
1049 2348 1293 2438 προβλημάτων
1314 2351 1373 2415 καί
1393 2350 1488 2414 τῶνν

346 2451 576 2542 θεωρημάτων
597 2450 671 2517 ἐστὶ
691 2453 804 2518 ταῦτα.
848 2451 890 2516 τά
913 2450 951 2517 δέ
972 2446 1218 2536 ἀναγκαιότατα
1233 2451 1291 2517 καί
1306 2449 1340 2516 ἐν
1355 2452 1460 2516 πᾶσιν

346 2552 538 2644 ὑπάρχοντα
566 2552 732 2640 πρότασις
759 2549 937 2632 ἀπόδειξις
963 2551 1022 2618 καί
1050 2551 1281 2642 συμπέρασμα.
1326 2553 1377 2619 δεῖ
1398 2551 1459 2638 γάρ

347 2659 406 2725 καί
428 2653 619 2747 προειδέναι
641 2657 680 2723 τδ
705 2654 899 2745 ζητούμενον
919 2657 977 2721 καί
995 2652 1192 2721 δείκνυσθαι
1206 2653 1379 2721 τοῦτο’διά
1393 2655 1460 2719 τῶν

345 2757 457 2845 μέσων
477 2760 536 2827 καί
557 2756 763 2843 συνάγεσθαι
784 2763 834 2844 τῷ
849 2755 1057 2844 δεδειγμένιμ,
1072 2754 1130 2822 καί
1145 2756 1268 2823 τούτων
1282 2761 1346 2821 τῶν
1360 2755 1460 2838 τριῶν

291 2882 326 2931 20
348 2858 519 2930 ἐκλείπειν
538 2887 572 2927 τι
595 2867 662 2926 τῶν
685 2855 855 2925 ἀδυνάτων
875 2857 962 2925 ἐστί·
985 2859 1027 2924 τά
1048 2859 1086 2925 δὲ
1100 2859 1204 2925 λοιπά
1218 2858 1388 2939 πολλαχοῦ
1400 2855 1460 2941 μέν

347 2960 656 3051 παραλαμβάνεται,
679 2962 847 3042 πολλαχοῦ
863 2959 971 3027 δὲκαὶ
988 2956 1034 3038 ῶς
1048 2955 1206 3044 οάδεμίαν
1221 2955 1336 3040 έχοντα
1349 2955 1460 3043 χρείαν

348 3062 613 3152 παραλείπεται·
643 3060 819 3148 διορισμός
844 3085 881 3127 τε
908 3061 968 3148 γάρ
994 3060 1052 3126 καί
1074 3058 1212 3139 έκθεσις
1233 3057 1292 3127 οάκ
1314 3055 1405 3126 ἔστιν
1425 3058 1460 3124 έν

347 3163 464 3256 ἐκείνῳ
487 3171 535 3255 τῷ
556 3162 780 3252 προβλήματι.

441 3271 515 3335 Τῶν
536 3263 779 3355 προβλημάτων
799 3265 841 3332 τά
863 3263 922 3349 μέν
942 3263 1092 3349 μοναχῶς
1114 3261 1254 3348 γίνεται,
1280 3261 1323 3328 τά
1347 3263 1385 3328 δέ
1406 3261 1456 3327 δι·
1473 3271 1513 3333 28

290 3389 326 3438 25
348 3372 427 3454 χῶς,
447 3371 490 3436 τά
514 3369 552 3435 δέ
573 3368 774 3449 πλεοναχῶς,
795 3368 838 3433 τά
861 3368 899 3434 δέ
919 3364 1119 3455 ἀπειραχῶς.
1162 3365 1313 3448 μοναχῶς
1332 3359 1393 3446 μέν
1414 3357 1460 3440 ῶς

347 3473 387 3542 τδ
410 3471 608 3558 ἰσόπλευρον
627 3468 810 3559 τρίγωνον·
836 3470 902 3556 τῶν
923 3469 962 3537 δέ
984 3470 1114 3537 λοιπῶν
1135 3466 1174 3533 τδ
1196 3466 1255 3552 μέν
1270 3465 1371 3548 διχῶς
1385 3484 1459 3529 συν-

419 3701 442 3751 1.
454 3696 543 3751 καὶτὸ
555 3697 617 3770 μὲν]
629 3699 688 3749 νίδε
700 3715 723 3765 p.
736 3699 766 3749 51
781 3715 850 3750 vers.
862 3700 877 3749 7
930 3693 1089 3767 ἀπόριστον
1098 3697 1138 3749 BF
1192 3697 1215 3746 3.
1229 3695 1287 3746 vide
1297 3694 1415 3759 Prochp.
1427 3693 1459 3743 56

348 3783 407 3832 inde
419 3797 435 3831 a
447 3795 516 3831 vers.
530 3781 566 3831 20
632 3778 663 3831 ἐκ
674 3779 793 3844 τελείων]
807 3779 910 3833 λκιελεῖ
920 3781 960 3831 BF
1018 3773 1102 3830 αὐτοῦ
1114 3778 1164 3843 BF,
1178 3778 1234 3828 τῶν
1245 3775 1344 3828 ἑαυτοῦ
1356 3775 1392 3824 Ile

349 3865 374 3914 4.
393 3861 621 3930 πεπληρωμένων
632 3861 673 3910 BF
724 3857 831 3927 αὖτρῖδ
901 3861 926 3912 6.
939 3858 1094 3929 διδομένου
1104 3860 1140 3910 He
1209 3858 1233 3907 9.
1246 3854 1278 3907 τὸ
1292 3850 1461 3922 ζητούμενον

349 3945 394 4009 He,
406 3944 455 3994 τοῦ
468 3942 637 4011 ζητουμένου
648 3941 689 3991 BF
760 3942 800 3993 10.
819 3940 947 4010 διασαφή
960 3943 996 3990 He
1071 3938 1235 3990 ἐκλείποντα
1247 3936 1277 4000 F,
1291 3930 1412 3986 εἰωθότα
1423 3934 1460 3984 He

421 4024 460 4075 11.
479 4021 552 4095 πρὸς
563 4039 611 4073 om.
625 4023 644 4072 B
725 4022 826 4086 αἰτίαν]
841 4018 933 4092 θήραν
944 4022 980 4071 He
991 4028 1018 4071 et
1030 4020 1089 4069 libri
1102 4018 1201 4068 Barocii
1289 4016 1328 4065 12.
1348 4013 1386 4078 ἐν]
1399 4010 1457 4070 ἀπὸ

349 4107 386 4157 He
473 4104 513 4155 14.
532 4100 620 4156 πάλιν
635 4102 683 4154 ἐπὶ
700 4099 751 4169 τὴν
767 4097 909 4169 πρότασιν
919 4102 955 4153 Ha
1042 4102 1082 4151 15.
1099 4101 1156 4152 τῶν
1167 4105 1226 4163 post
1238 4096 1284 4147 καὶ
1297 4112 1344 4147 om.
1357 4096 1394 4147 He

353 4187 393 4237 16.
410 4186 504 4249 ταῦτα]
517 4187 632 4237 τοιαῦτα
644 4186 680 4234 He
747 4182 794 4233 καὶ
806 4190 864 4233 ante
877 4177 1024 4242 ἀπόδειξις
1035 4182 1091 4232 εδδ.
1105 4182 1141 4231 He
1211 4179 1251 4228 19.
1269 4174 1460 4244 τδδεδειγμέ-

348 4269 450 4320 νονΗε
502 4264 693 4334 δεδεγμένῳδ
746 4258 861 4326 τούτων]
873 4262 991 4314 τοῦτοΕ
1061 4254 1289 4312 20.ἀδυνατόν1““
1358 4256 1460 4307 maa)

350 4346 449 4405 ῶςοω.
463 4349 499 4399 Ηε
554 4347 715 4414 παρέχοντα
726 4345 763 4396 He
824 4343 867 4393 23.
879 4341 975 4410 ἐκείνῳ
988 4342 1027 4409 τῷ
1039 4339 1224 4410 προβλήματι,
1238 4339 1337 4388 scilicet
1348 4330 1461 4388 ἰσοσκε-

350 4428 394 4486 λὶς
405 4432 544 4497 τρίγωνον
556 4425 761 4493 συστήσασθαι,
774 4441 837 4491 quae
849 4424 928 4476 verba
940 4431 1080 4491 sequuntur
1092 4422 1156 4486 apud
1168 4420 1287 4471 Proelum
1347 4419 1387 4468 24.
1400 4417 1459 4469 vide

350 4510 436 4560 Procl.
449 4524 474 4575 p.
488 4511 520 4562 60
532 4510 590 4559 inde
602 4523 617 4559 α
629 4523 698 4559 vers.
713 4508 728 4557 8
741 4507 772 4557 ab
784 4507 831 4556 ult.
917 4509 1044 4573 γίγνεται
1055 4503 1091 4554 He
1175 4498 1209 4552 τὰ
1223 4499 1254 4553 δὲ
1267 4499 1352 4569 διχῶς
1364 4515 1411 4550 om.
1425 4500 1461 4550 Ηε

420 4591 462 4641 25.
480 4589 620 4660 μοναχῶς]
633 4589 690 4640 vide
703 4588 762 4637 ibid.
775 4602 844 4637 vers.
859 4588 874 4638 4
887 4587 918 4637 ab
931 4587 977 4637 ult.
1049 4585 1090 4636 26.
1108 4587 1164 4639 τῶν
1174 4583 1228 4654 μὲν
1239 4581 1280 4632 BF

1205 4670 1260 4720 H*
