3925 5742
818 833 943 886 VAMAE
962 833 1223 888 COLLECTIONES.
1525 837 1575 887 27³

462 985 503 1050 τδ
526 980 610 1051 εὐδύ
632 989 784 1052 ποιεῖται
806 987 864 1077 την
879 988 1048 1078 πρόνοιαν.
1090 995 1237 1055 τοσαῦτα
1251 989 1310 1055 καί
1325 989 1404 1078 περὶ
1417 990 1476 1077 τῆς
1489 989 1577 1078 πρδς

462 1086 507 1152 τά
531 1084 651 1170 [ὅμοια]
678 1082 757 1155 ’όντα
777 1089 902 1157 τούτων
922 1093 989 1157 τῶν
1011 1088 1108 1159 είδιῦν
1131 1088 1337 1180 ὁμοιότητος.
1381 1091 1438 1159 τὸν
1461 1090 1498 1159 δέ
1518 1093 1577 1182 τῆς

465 1183 605 1267 εὐθείας
626 1186 764 1277 ὁρισμὸν
786 1187 805 1257 ὁ
826 1191 886 1276 μέν
907 1189 1090 1283 Εὐκλείδης
1110 1197 1225 1262 τοῦτον
1248 1191 1426 1261 ἀπέδωκεν.

552 1291 654 1358 Μετά
675 1292 714 1358 τδ
737 1289 772 1359 ἓν
793 1299 879 1381 τρεῖς
901 1293 987 1362 είσίν
1001 1292 1213 1378 ὑποστάσεις,
1236 1296 1275 1363 τὸ
1294 1293 1408 1384 πέρας,
1423 1294 1462 1362 τό
1478 1287 1577 1361 ὐίπει-
1592 1293 1633 1356 66

426 1407 537 1478 ὅρον,
570 1393 609 1460 τδ
641 1393 767 1478 μικτόν.
817 1396 875 1462 διά
901 1395 1234 1487 τούτων·ὐφίσταται
1260 1397 1302 1463 τά
1328 1400 1393 1462 τῶν
1420 1398 1579 1485 γραμμῶν

465 1493 540 1585 ε’ίδη
566 1496 624 1562 καὶ
650 1499 714 1562 τῶν
741 1499 865 1583 γωνιῶν
891 1498 950 1566 καί
971 1506 1036 1566 τῶν
1057 1498 1240 1588 σχημάτων.
1284 1499 1342 1566 καί
1364 1505 1412 1589 τῷ
1433 1499 1493 1583 μέν
1513 1499 1606 1568 πέλ

465 1623 543 1687 ρατι
576 1594 737 1685 ἀνάλογόν
769 1597 859 1666 ἔστιν
892 1595 913 1688 ἦ
946 1599 1146 1689 περιφέρεια
1177 1601 1235 1667 καὶ
1262 1599 1579 1690 περιφερόγραμμος

466 1699 570 1786 γωνία
591 1700 650 1767 καὶ
673 1699 691 1768 ό
712 1699 831 1780 κύκλος
852 1698 885 1767 ἓν
907 1699 1089 1781 ἐπιπέδοις
1110 1703 1167 1768 καὶ
1189 1700 1209 1792 ἦ
1231 1708 1359 1791 σφαῖρα
1374 1702 1408 1771 ἐν
1423 1709 1576 1791 στερεοῖς.

464 1802 506 1891 τῇ
529 1799 567 1867 δέ
590 1797 730 1891 ἀπειρίᾳ
751 1802 790 1869 τδ
812 1799 894 1868 εὐδι)
917 1803 1001 1869 κατά
1024 1803 1136 1870 πάντα
1157 1805 1273 1871 ταῦτα·
1303 1803 1412 1895 διήκει
1435 1805 1496 1891 γάρ
1519 1806 1578 1872 διά

410 1916 445 1966 10
467 1902 600 1970 πάντων
623 1900 753 1983 οἰκείως
775 1900 960 1986 ἑκασταχοῦ
981 1903 1234 1995 φανταζόμενον.
1277 1906 1317 1974 τό
1341 1906 1379 1973 δὲ
1399 1906 1518 1990 μικτόν
1538 1907 1610 1974 τδϋ

466 2003 502 2072 ἒν
533 2010 621 2072 πᾶσι
646 2005 787 2085 τούτοις.
835 2006 875 2072 τό
903 2002 967 2094 ἀρα
995 2006 1099 2092 πέρας
1125 2009 1182 2074 καί
1211 2003 1351 2096 άπειρον
1378 2007 1436 2075 καί
1460 2009 1578 2094 μικτόν

466 2106 558 2176 ἐστιν
583 2104 618 2174 ἓν
643 2106 777 2187 τούτοις
803 2114 901 2174 πᾶσι.
945 2107 1004 2175 καί
1032 2109 1091 2175 διά
1117 2108 1239 2200 ταύτην
1263 2112 1321 2200 την
1344 2107 1455 2178 αίτίαν
1476 2110 1535 2178 καί
1555 2109 1609 2201 ἡ4

465 2209 557 2299 ψυχή
591 2208 630 2276 τό
661 2206 694 2276 τ’
721 2205 803 2276 εὐθύ
837 2209 895 2277 καὶ
927 2211 966 2278 τδ
1002 2211 1180 2301 περιφερές
1208 2208 1285 2278 κατ’
1315 2209 1430 2281 οὐσίαν
1460 2209 1578 2303 ἑαυτῆς

468 2309 684 2401 προείληφεν,
712 2313 767 2378 ἵνα
794 2313 907 2379 πᾶσαν
932 2312 992 2401 τὴν
1013 2312 1048 2380 ἒν
1068 2314 1116 2402 τῷ
1137 2312 1251 2402 κόσμῳ
1274 2315 1334 2382 τοῦ
1356 2310 1497 2402 ἀπείρου
1519 2339 1579 2382 συ-
1603 2318 1607 2325 ’

411 2427 446 2477 15
468 2411 636 2497 στοιχείαν
663 2414 721 2481 καὶ
743 2415 857 2481 πᾶσαν
877 2415 934 2503 τὴν
956 2416 1157 2504 περατοειδῆ
1178 2414 1364 2504 κατευδύνη
1388 2415 1502 2505 φύσιν,
1530 2418 1579 2505 τῷ

467 2514 529 2601 μὲν
556 2513 652 2584 εὐθεῖ
675 2517 736 2606 την
761 2517 907 2604 πρόοδον
934 2514 1040 2583 αὐτῶν
1060 2512 1247 2606 ὐφιστάσα,
1270 2518 1319 2606 τῷ
1345 2519 1382 2584 δὲ
1405 2523 1580 2608 περιφερεῖ

467 2619 527 2707 τὴν
548 2617 762 2708 ἐπιστροφήν,
784 2617 913 2707 καὶτῷ
934 2621 993 2703 μὲν
1015 2610 1217 2709 εἶς’πλῆθος
1238 2616 1321 2686 αὐτοὶ
1341 2618 1577 2709 προάγουσαυ.

468 2720 528 2786 καί
553 2718 610 2803 οὐχ
639 2717 659 2811 ἡ
686 2720 776 2809 ψυχή
802 2719 904 2806 μόνον
930 2717 1013 2786 ἀλλὰ
1040 2722 1098 2788 καί
1127 2718 1145 2790 ό
1172 2722 1231 2811 την
1258 2722 1366 2811 ψυχήν
1386 2720 1607 2812 ὐποστήσαςι

468 2821 528 2890 καί
558 2822 681 2903 ταύτας
707 2820 790 2913 αὐτῇ
815 2823 876 2902 τάς
905 2822 1061 2908 δυνάμεις
1088 2825 1263 2912 παραδούς
1290 2821 1486 2915 ἀμφοτέρων
1512 2822 1579 2909 ἔχει

410 2942 446 2992 20
468 2926 531 3005 τάς
556 2929 786 3016 πρωτουργούς
807 2923 918 3006 αίτίας
939 2926 973 2994 ἐν
995 2923 1110 3015 ἑαυτῷ.
1152 2927 1300 3013 τῶνγὰρ
1323 2924 1424 2994 όντων
1446 2925 1580 2993 πάντων
1623 2930 1626 2937 ’

468 3027 569 3116 ἀρχήν
591 3029 649 3095 καί
669 3028 755 3114 μέσα
776 3030 835 3098 καί
853 3032 928 3120 τέλη
949 3030 1162 3119 προειληφώς
1177 3027 1314 3108 εὐθείας
1328 3025 1480 3115 περαίνει
1495 3030 1581 3096 κατά

469 3131 571 3222 φύσιν
602 3132 916 3220 περιπορευόμενος,
949 3131 1052 3222 φησίν
1085 3129 1103 3199 ό
1135 3130 1286 3201 Πλάτων.
1335 3130 1391 3197 καί
1426 3132 1487 3219 γὰρ
1519 3129 1580 3198 ἐπὶ

468 3231 582 3299 πάντα
604 3233 741 3321 πρόεισι
762 3238 836 3315 ταῖς
857 3239 1096 3323 προυοητικαῖς
1116 3231 1295 3324 ἐνεργείαις
1316 3233 1375 3299 καί
1397 3233 1482 3320 πρός
1503 3230 1579 3300 ἔαυ-

466 3335 526 3402 τδν
559 3333 788 3423 ἐπέστραπται
821 3336 855 3404 ἐν
881 3339 928 3427 τῷ
957 3333 1065 3426 *αὐτῷ
1091 3338 1175 3404 κατά
1205 3336 1367 3427 τρόπονκ.
1415 3334 1581 3422 σύμβολον
1596 3335 1636 3396 67

539 3534 562 3584 1.
575 3530 728 3606 πρόνιιινΒ
797 3538 822 3588 2.
836 3531 923 3607 ὅμοια
936 3555 984 3590 om.
997 3540 1034 3591 He
1091 3532 1196 3591 τούτων
1207 3538 1271 3602 τῶν]
1284 3532 1384 3588 τούτου
1396 3536 1451 3588 τῶν
1463 3537 1513 3602 BF,
1526 3537 1582 3590 τῶν

468 3611 603 3667 ὅντωνΗυ
670 3617 694 3667 3.
710 3613 839 3686 ὁρισμὸν]
853 3616 1014 3689 ἀριθμὸνΒ
1084 3614 1239 3683 εὐκλείδηΒ
1307 3620 1332 3671 4.
1346 3619 1403 3670 vide
1416 3617 1501 3670 Prool.
1512 3635 1536 3685 p.
1549 3620 1580 3670 19

468 3697 665 3748 indeavers.6
735 3699 759 3749 6.
771 3699 818 3766 τῷ]
831 3694 895 3750 τὸΒ
964 3696 1414 3772 7.περιφερόγραμμοιγωνίαιΒ
1468 3701 1507 3751 10.
1520 3699 1582 3751 ἑκα-

470 3780 576 3845 σταχοῡ
588 3780 631 3843 He,
645 3775 767 3830 ἑκάστου
778 3781 819 3831 BF
873 3782 1088 3851 φανταζομένου
1100 3783 1118 3832 Β
1190 3782 1228 3834 11.
1241 3779 1272 3833 τὸ
1285 3778 1340 3850 ἀρα
1352 3783 1440 3851 πέρας
1451 3784 1510 3847 εἰσ]
1523 3781 1580 3832 vide

469 3859 528 3909 ibid.
543 3876 611 3910 vers.
627 3861 672 3924 13,
690 3868 717 3912 et
735 3869 788 3912 tum
800 3878 824 3929 p.
839 3864 872 3914 30
883 3864 941 3914 inde
954 3879 969 3915 α
981 3879 1050 3914 νοτε.
1065 3864 1080 3914 8
1186 3863 1225 3913 13.
1244 3861 1275 3914 τὸ
1288 3858 1357 3915 εὐθὺ
1370 3862 1390 3913 F
1477 3862 1581 3926 ἑαυτῆς]

470 3939 581 3997 ἑαυτοῖς
592 3941 633 3991 BF
647 3941 681 4003 (in
693 3942 714 3992 F
728 3943 810 3994 trihus
822 3945 922 4010 punctis
936 3946 1070 4007 notatum),
1084 3943 1114 3996 ἓν
1126 3941 1196 4014 αὐτῇ
1203 3946 1239 3994 He
1309 3944 1348 3993 15.
1362 3942 1529 4009 περατοειδῆ
1539 3943 1582 4005 Ilo,

470 4023 537 4090 περὶ
549 4023 586 4088 τῷ
599 4018 661 4086 ἤδει
673 4023 701 4087 Β,
715 4026 780 4092 περὶ
792 4026 830 4091 τῷ
844 4024 945 4076 affl
1013 4020 1255 4077 κατιυθύνειΒΗο
1325 4022 1363 4072 16.
1376 4017 1461 4073 αὐτοῦ
1473 4024 1514 4074 BF

471 4098 632 4171 ὑφιστᾶσαν
651 4104 707 4166 BF,
726 4099 833 4174 δφιστᾷ
849 4107 886 4157 He
968 4105 1021 4164 ,11.
1040 4105 1090 4172 τῷ]
1112 4102 1143 4156 τὸ
1165 4104 1219 4168 BF,
1241 4103 1286 4153 sed
1304 4103 1330 4152 in
1345 4102 1366 4152 F
1383 4103 1466 4155 tribus
1483 4105 1581 4169 punctis

471 4190 585 4234 notatum
665 4193 724 4251 post
741 4180 911 4253 προάγουσα
927 4185 991 4236 adde
1011 4201 1043 4236 ex
1059 4188 1105 4238 He:
1123 4186 1164 4253 τῷ
1176 4183 1207 4236 δὲ
1220 4186 1260 4241 εἰς
1271 4181 1302 4237 ἓν
1314 4180 1407 4236 πάντα
1420 4180 1582 4252 συνάγουσα

541 4265 579 4316 19.
598 4265 769 4338 παραδοῦσα
781 4266 821 4316 BF
892 4263 1057 4339 ἀμφότερον
1069 4269 1096 4332 Β,
1110 4263 1273 4336 ἀμφοτέρας
1284 4267 1321 4317 He
1389 4266 1430 4315 20.
1443 4283 1582 4334 προτουρ-

469 4340 588 4414 γοὺςΒΙί
601 4348 637 4398 Ηο
706 4343 855 4414 ἔναύτῷδ
932 4348 972 4400 23.
993 4351 1191 4415 προνοητικαῖς
1203 4346 1361 4416 ἐνεργείαις]
1373 4346 1489 4414 providis
1501 4348 1582 4397 οείὶο-

468 4429 545 4478 nibus
557 4428 655 4492 Beroe„
669 4427 824 4499 ἔνιργικαῖς
834 4428 870 4478 He
937 4429 979 4480 24.
997 4438 1057 4495 post
1069 4425 1167 4482 ἑαυτὸν
1178 4430 1198 4480 B
1209 4430 1271 4480 haec
1283 4429 1358 4480 habet
1370 4427 1469 4493 punctis
1483 4434 1581 4478 notata:

469 4505 658 4578 ἐπίστράντου
674 4513 720 4562 καὶ
736 4509 788 4563 νῦν
804 4508 962 4576 ἐκλείπτου,
979 4512 1053 4563 illata
1071 4528 1085 4562 e
1105 4529 1128 4578 p.
1142 4513 1191 4562 274
1209 4527 1277 4563 vers.
1291 4512 1306 4562 2
1392 4506 1583 4577 ἔπίστραπται

468 4589 510 4640 BF
523 4590 563 4652 (in
574 4590 595 4641 F
608 4592 690 4644 tribus
701 4592 800 4658 punctis
813 4594 950 4658 notatum),
968 4587 1165 4663 ὑπέστρππται
1176 4593 1213 4643 He
1299 4591 1329 4644 ἒν
1342 4606 1389 4642 om.
1403 4589 1423 4640 B
1502 4589 1532 4644 ἐν
1544 4590 1583 4657 τῷ

467 4670 568 4722 ἑαυτοῦ
580 4672 650 4724 κατὰ
663 4669 772 4744 τρόπον
783 4667 857 4739 ἤθει,
869 4677 958 4742 φησὶν
970 4670 985 4726 ὁ
1002 4677 1108 4743 Τίμαιο
1122 4691 1135 4731 ς
1146 4673 1182 4724 He

525 4758 580 4797 Ηετ.
596 4770 669 4808 geom.
685 4763 709 4800 et
722 4762 827 4802 stereom.
1351 4761 1382 4808 18
