3925 5742
417 808 466 859 ιιι
865 777 867 779 ’
894 806 1050 859 Αοοιιιιιι

416 958 603 1047 ἐπιστήμας
625 956 732 1025 αὐτῶν
752 958 788 1026 ἐν
809 957 916 1048 ἑαυτῷ
938 959 1136 1050 προείληφε·
1160 954 1221 1026 κάν
1242 960 1286 1049 μή
1310 959 1427 1048 ἐνεργῆ
1449 957 1524 1025 κατ’

418 1058 535 1140 αότάς,
561 1058 627 1142 ἔχει
658 1059 771 1139 πάσας
799 1057 970 1141 οὖσιωδῶς
991 1063 1050 1129 καί
1072 1061 1227 1151 κρυφίως.
1273 1061 1524 1149 προφαινομένη

418 1162 456 1229 δὲ
478 1159 570 1251 αίτή,
588 1161 666 1230 όταν
687 1160 862 1251 ἀφαιρεθῇ
882 1164 922 1231 τδ
940 1160 1107 1247 ἐμπόδιον
1121 1166 1185 1229 τῶν
1199 1163 1236 1230 ἐκ
1251 1165 1308 1253 τῆς
1324 1161 1525 1251 αἰσθήσεως.

418 1260 453 1329 ei
484 1263 543 1349 μὲν
577 1265 638 1354 γάρ
666 1263 846 1352 αἰσθήσεις
871 1265 1096 1332 συνάπτουσιν
1123 1262 1223 1353 αότήν
1249 1272 1321 1344 τοῖς
1347 1271 1526 1353 μεριστοῖς,

418 1363 453 1432 ai
484 1370 515 1434 δὲ
547 1364 731 1454 φαντασίαι
765 1369 829 1433 τῶν
858 1371 1081 1457 μορφωτικῶν
1110 1366 1269 1456 κινήσεων
1298 1367 1560 1458 ἀναπιμπλάσιν,5

418 1464 453 1535 αὶ
475 1470 513 1535 δὲ
535 1464 659 1553 ὀρέξεις
680 1476 893 1552 περισπῶσιν
915 1466 1016 1557 αότήν
1038 1467 1085 1549 εἰς
1106 1471 1163 1536 τδν
1184 1469 1325 1559 ἐμπαθῆ
1347 1468 1438 1555 βίον·
1462 1470 1528 1535 πᾶν

419 1567 456 1635 δὲ
481 1570 521 1635 τδ
546 1571 703 1656 μεριστόν
730 1569 896 1654 ἐμπόδιόν
923 1571 996 1639 ἐστι
1023 1575 1082 1660 τῆς
1109 1571 1157 1652 είς
1182 1569 1316 1652 totototo
1337 1571 1431 1660 ήμῶν
1452 1570 1526 1639 ἐπι-

419 1674 573 1760 στροφῆς.

367 1781 404 1839 17
504 1771 735 1862 Ἀριστοτέλης
762 1775 830 1842 ποί
856 1799 970 1862 φησιν,
1000 1773 1075 1865 ὅσοι
1102 1779 1392 1867 καταφρονητικῶς
1415 1773 1527 1860 ἔχουσι

418 1876 478 1962 τῆς
503 1883 569 1940 τῶν
595 1874 803 1964 μαθημάτων
831 1877 991 1962 γνώσεως,
1017 1875 1171 1964 ίίγευστοι
1193 1879 1386 1965 τυγχάνουσι
1409 1886 1476 1945 τῶν
1497 1877 1529 1944 ἐν
1548 1892 1575 1940 lt

420 1972 532 2055 αὐτοῖς
558 1975 692 2065 ήδονῶν.
742 1974 760 2042 ό
789 1978 827 2044 δὲ
851 1979 994 2046 Πλάτων
1020 1974 1228 2069 καθαρτικήν
1251 1989 1310 2067 τῆς
1337 1983 1446 2069 ψυχῆς
1473 1982 1527 2044 καὶ

322 2137 327 2147 ,
413 2073 588 2163 -ἀνάγωγον
609 2081 668 2166 τήν
689 2081 929 2168 μαθηματικήν
951 2075 1036 2148 εἶναι
1060 2085 1184 2171 σαφῶς.

368 2185 404 2246 18
510 2181 560 2244 Τά
580 2182 639 2267 τῆς
659 2185 897 2270 μαθηματικῆς
919 2180 993 2272 εἴδη
1016 2186 1074 2270 τῆς
1096 2181 1273 2268 ἀμερίστου
1295 2181 1428 2272 φόσειός
1442 2181 1530 2248 ἐστιν

421 2277 674 2365 ἀπολειπόμενα
696 2283 753 2347 καί
776 2290 834 2370 τῆς
855 2291 1012 2370 μεριστῆς
1033 2282 1286 2372 όπεριδρομένα·
1315 2285 1454 2351 καὶτοῦ
1475 2283 1531 2350 voi·

421 2382 478 2467 μέν
501 2383 573 2449 ἐστι
596 2383 739 2468 δεύτερα,
764 2386 862 2474 δόξης
885 2387 922 2453 δὲ
943 2387 1132 2472 τελειότερα
1154 2391 1211 2453 καί
1235 2385 1452 2474 ἀκριβέστερα
1473 2388 1529 2451 καὶ
1552 2399 1578 2446 15

391 2485 640 2570 εκαθαριίτερα
672 2483 720 2563 εἰς
752 2484 868 2552 ἕνωσιν
900 2488 958 2554 καί
987 2488 1156 2574 διάκρισιν
1174 2491 1246 2554 τῶν
1272 2488 1363 2556 όλων.
1391 2529 1433 2538 —
1465 2489 1532 2573 Τήν

420 2586 603 2673 ταοτότητα
623 2589 707 2670 μετά
732 2591 791 2674 τῆς
812 2584 1002 2677 ἑτερότητος
1023 2586 1071 2668 εἰς
1092 2591 1150 2676 τήν
1170 2592 1228 2677 τῆς
1249 2592 1357 2678 ψυχῆς
1378 2588 1531 2675 συμπλή-

420 2710 522 2771 ρωσιν
549 2684 567 2752 ὁ
596 2688 796 2775 δημιουργός
828 2687 1015 2779 παρείληφε
1048 2691 1105 2756 καί
1138 2692 1224 2780 πρὸς
1249 2691 1386 2768 ταύταις
1412 2690 1531 2757 στάσιν

421 2788 479 2854 καὶ
501 2786 642 2875 κίνησιν·
665 2788 701 2854 ἐκ
723 2789 846 2855 τούτων
869 2788 968 2879 αὐτήν
989 2794 1054 2856 τῶν
1076 2800 1174 2878 γενῶν
1197 2790 1371 2880 ὑπέστησε.

371 2899 408 2959 19
509 2890 660 2956 Λεκτέον
683 2888 734 2957 ότι
757 2892 814 2978 τήν
835 2890 1011 2981 ἑτερότητα
1027 2891 1128 2982 αὐτῆς
1143 2896 1198 2961 καί
1214 2897 1272 2982 τήν
1286 2881 1454 2979 διαίρεσιν
1468 2894 1532 2956 τῶν
1552 2910 1579 2957 20

420 2991 525 3078 λόγων
546 2992 602 3057 καί
624 2992 662 3058 τδ
685 2994 821 3080 πλῆθος
842 2990 861 3083 ῆ
886 2995 1020 3062 διάνοια
1042 3000 1149 3064 στᾶσα
1170 2999 1227 3062 καί
1248 2996 1396 3085 νοήσασα
1416 2991 1532 3081 ἑαυτήν

422 3092 456 3162 ἒν
477 3096 614 3173 πολλοῖς
636 3087 737 3162 οὖσαν
758 3097 834 3175 τσδς
855 3095 1024 3183 ἀριθμοδς
1046 3097 1231 3184 προβάλλει
1253 3097 1311 3164 καί
1332 3097 1391 3185 τήν
1406 3094 1533 3162 τούτων

423 3200 540 3283 γνῶσιν
566 3198 624 3285 τήν
646 3195 884 3287 ἀριθμητικήν,
912 3201 997 3266 κατά
1022 3200 1058 3268 δὲ
1078 3201 1137 3289 τήν
1160 3199 1276 3267 ἕνωσιν
1297 3201 1357 3265 τοῦ
1379 3197 1533 3286 πλήθους

424 3411 531 3475 epitome
549 3409 655 3476 quinque
672 3425 764 3460 versus
781 3410 898 3460 editionis
914 3411 962 3474 He,
980 3427 1043 3477 quae
1061 3411 1099 3460 hie
1117 3409 1301 3472 exscriberem,
1320 3409 1368 3458 nisi
1380 3409 1435 3474 ipse
1448 3408 1532 3458 Procli

424 3491 497 3541 loeus
510 3491 618 3541 vitiosus
627 3499 704 3541 esset.
725 3491 774 3540 Sed
783 3492 882 3556 plenam
891 3490 981 3541 faeiem
991 3507 1004 3540 e
1014 3490 1106 3542 Proelo
1117 3492 1265 3542 sententiam
1275 3490 1330 3538 eius
1340 3489 1391 3538 loei
1401 3489 1443 3554 qui
1453 3488 1479 3537 in
1488 3490 1531 3537 hac

424 3572 532 3637 epitome
544 3579 602 3635 post
614 3572 728 3621 lacunam
741 3573 880 3637 reperitur:
900 3565 969 3622 ὅθεν
981 3569 1016 3634 δὴ
1029 3574 1076 3621 καὶ
1088 3566 1103 3622 ὁ
1117 3569 1146 3622 ἐν
1158 3572 1196 3637 τῷ
1210 3571 1327 3622 Μένωνι
1337 3568 1476 3635 (Μέμνονι
1488 3569 1531 3630 He)

424 3648 574 3721 Σωκράτης
585 3651 615 3701 ἐκ
627 3651 710 3703 τοῦδε
722 3653 771 3703 τοῦ
783 3648 892 3722 τρόπου
904 3653 951 3716 τῆς
962 3649 1161 3721 ἐπιχειρήσεως
1173 3649 1314 3710 ἐπέδειξεν
1326 3645 1370 3700 ὅτι
1379 3645 1411 3700 τὸ
1421 3645 1532 3720 μανθά-

425 3749 483 3785 νειν
500 3727 550 3783 οὐκ
567 3727 634 3783 ἀλλο
652 3736 680 3782 τί
692 3731 752 3784 ἐστι
768 3728 783 3797 ῆ
802 3728 1068 3803 ἀναμιμνήσκεσθαι
1084 3729 1133 3798 τῆν
1152 3728 1245 3800 ψίχῆν
1256 3734 1310 3783 τῶν
1322 3730 1421 3794 ἑαυτῆς
1433 3725 1530 3798 λόγων.

425 3815 518 3864 αἴτιον
534 3812 565 3864 δὲ
582 3808 624 3864 ὅτι
641 3810 672 3865 τὸ
688 3813 742 3883 μὲν
754 3808 1040 3884 ἀναμιμνησκόμενόν
1063 3811 1122 3864 ἔστι
1135 3812 1165 3864 τὸ
1180 3807 1359 3877 διανοητικόν
1370 3812 1419 3876 τῆς
1433 3809 1532 3877 ψυχῆς,

426 3893 508 3945 τοῦτο
521 3893 551 3944 δὲ
562 3893 591 3946 ἐν
603 3900 662 3952 τοῖς
673 3891 767 3962 λόγοις
779 3891 916 3947 οίσιωτδν
929 3897 948 3958 Γλ
958 3923 991 3931 -
1004 3890 1173 3944 οὐσίυιτυσο]
1186 3903 1246 3945 nota
1255 3889 1370 3960 opilabae
1381 3908 1415 3956 ην
1423 3892 1468 3954 He]
1480 3890 1534 3940 τῶν

424 3971 610 4045 μαθημάτων,
622 3979 668 4026 καὶ
681 3976 730 4032 τὰς
741 3972 899 4045 ἐπιστήμας
910 3985 937 4027 et
949 3983 998 4025 eet.
1012 3991 1075 4041 quae
1089 3992 1164 4041 supro
1178 3982 1280 4025 exstant
1351 3973 1373 4022 1.
1393 3971 1491 4038 ἔνεργῆ
1504 3970 1532 4032 t,

424 4057 561 4127 ἔνεργεῖΒ
647 4058 671 4106 2.
691 4062 882 4127 προφαίνεται
900 4055 932 4108 δὲ
949 4054 1067 4108 ἕκαστον
1080 4049 1147 4105 ὅταν
1160 4051 1304 4125 ἀφαιρεθῆ
1315 4054 1372 4104 των
1384 4049 1533 4120 δμποδίων

425 4141 481 4190 τῶν
492 4134 574 4204 αὐτῆς
587 4134 747 4202 αἰσθήσεως
758 4139 794 4188 He
879 4139 903 4187 5.
923 4136 952 4188 δὲ
966 4137 1050 4208 addidi
1063 4152 1095 4186 ex
1107 4137 1149 4197 He,
1163 4136 1222 4185 item
1235 4130 1456 4203 ἀναπιμπλᾶσιν

422 4221 449 4297 ,6.
463 4220 652 4290 περισποῦσιν
663 4221 683 4269 Β
751 4214 836 4282 αὐτήν
848 4235 895 4268 om.
909 4220 945 4268 He
1009 4221 1049 4274 εἰς
1060 4215 1110 4269 τὸν
1120 4233 1200 4284 περιτο
1212 4218 1244 4266 od
1255 4215 1315 4267 ἐστι
1327 4215 1374 4280 τῆς
1386 4230 1434 4265 om.
1449 4214 1477 4277 B,
1489 4214 1534 4262 ha-

425 4301 566 4352 bentFHe
611 4303 634 4350 t.
647 4297 716 4369 ἡμῖν
728 4302 763 4351 He
815 4302 837 4350 9.
851 4300 875 4349 in
888 4301 934 4349 hoe
947 4299 1065 4349 breviore
1077 4299 1217 4362 fragmento
1231 4297 1379 4359 sententiae,
1392 4311 1443 4345 non
1454 4294 1532 4344 verba

428 4382 535 4446 repetita
548 4390 607 4433 sunt
619 4397 633 4430 e
645 4381 737 4432 Proelo
827 4381 866 4430 10.
884 4378 914 4431 ἔν
926 4375 1027 4443 αὐτοῖς]
1040 4380 1166 4445 taurici
1244 4379 1283 4429 13.
1302 4370 1366 4428 corii.
1381 4375 1467 4426 Proei.
1480 4391 1504 4440 p.
1520 4375 1527 4423 1

427 4461 591 4512 indeavers.
607 4463 638 4512 18
713 4448 752 4512 15.
773 4458 934 4529 δείτερονΒ
1003 4456 1151 4530 τελεώτερα
1163 4460 1203 4510 BF
1275 4458 1315 4508 to.
1336 4454 1395 4522 Τήν
1406 4465 1433 4507 et
1446 4464 1495 4507 cet.
1508 4456 1532 4504 in

428 4541 500 4590 libris
514 4559 561 4592 non
573 4545 759 4608 distinguuntur
772 4559 786 4594 ε
798 4543 926 4608 prioribus
937 4542 1025 4592 verbis
1096 4543 1134 4592 17.
1152 4536 1312 4604 ταυτότητά]
1325 4553 1427 4599 ταυτην
1439 4537 1472 4599 Β,
1491 4537 1534 4586 sed

428 4622 453 4670 io
465 4636 543 4684 marg.
556 4638 572 4672 a
583 4640 635 4676 rec.
649 4642 682 4676 m.
695 4620 847 4688 ταοτότητα
916 4624 958 4673 21.
977 4624 1075 4685 στᾶσα]
1089 4623 1168 4674 πᾶσα
1180 4622 1199 4671 Β
