3925 5742
428 790 447 831 χ
889 765 1079 818 pacurano

429 918 561 1007 vagium
584 943 668 986 anno
695 920 791 986 1533.
816 959 860 968 —
882 918 977 986 Addo
995 919 1101 988 statim
1117 919 1247 985 titulum
1262 918 1536 1008 interpretationis

428 1026 645 1093 Barocianae:
673 1026 782 1093 Procli
804 1025 966 1093 Diadochi
995 1063 1039 1074 -
1068 1027 1372 1093 commentariorum
1394 1026 1535 1093 -libri

428 1132 501 1200 IIII
523 1157 543 1199 a
564 1133 682 1201 Franc.
706 1132 846 1200 Barocio
868 1172 914 1180 —
936 1132 1022 1198 editi.
1068 1132 1196 1199 Patavii
1222 1133 1316 1199 1560.

515 1243 575 1305 Mc
599 1268 641 1298 =
664 1243 831 1307 Me'moirea
849 1245 1004 1324 presentes
1021 1263 1083 1324 por
1099 1243 1202 1306 dicem
1215 1247 1339 1306 savants
1354 1244 1374 1305 ὰ
1389 1241 1534 1306 ΡΑοαάἑ-

427 1351 486 1412 mic
514 1349 567 1412 dea
588 1350 791 1430 iascm'ptions.
837 1351 991 1413 Premltre
1012 1351 1101 1413 serie.
1151 1349 1239 1412 Teme
1258 1349 1316 1412 IV.
1363 1344 1429 1426 Qui
1451 1344 1535 1411 liber

429 1452 573 1527 continet
604 1455 794 1520 Recherclrcs
829 1477 885 1520 rur
922 1457 954 1519 11
991 1458 1039 1520 oie
1072 1461 1101 1518 et
1137 1458 1181 1519 lca
1213 1475 1362 1537 meropes
1395 1453 1536 1517 d’He'roa

428 1561 654 1625 d'Alccaudrie
670 1583 736 1646 par
758 1563 859 1626 Henra‘
880 1563 1012 1626 Martia.
1058 1559 1160 1625 Paris.
1188 1559 1281 1626 1854.
1355 1560 1357 1564 ’
1600 1638 1602 1641 ¹

387 1666 392 1671 ’
515 1670 587 1732 Mai
610 1696 651 1724 =
675 1667 786 1733 Iliadis
807 1668 992 1753 fragmenta
1007 1676 1040 1732 et
1053 1666 1208 1754 picturae.
1254 1665 1428 1733 Accedunt
1442 1667 1534 1733 scho-

427 1774 471 1840 lia
498 1781 609 1840 vetera
637 1774 678 1840 ad
706 1773 896 1861 Odysseam.
940 1773 1025 1840 Item
1052 1773 1186 1860 Didymi
1208 1772 1421 1840 Alexandrini
1450 1797 1534 1841 mar·

427 1904 553 1948 morum
569 1889 602 1947 et
615 1881 778 1970 lignorum
794 1902 973 1947 mensurae.
1019 1879 1146 1945 Edente
1162 1879 1250 1967 Ang.
1281 1880 1380 1946 Maio.
1409 1878 1534 1946 Medio-

426 1988 493 2053 lani
517 1987 614 2054 1819,
905 2068 907 2070 v

515 2092 626 2161 Pauca
647 2093 709 2160 hoc
732 2093 803 2160 loco
828 2092 1110 2160 commemoranda
1133 2102 1207 2160 sunt
1229 2094 1269 2159 de
1285 2092 1435 2181 figuris
1450 2114 1534 2180 quaa

426 2199 568 2266 Heronio
597 2200 794 2288 geometriae
820 2199 1017 2287 reliquisque
1041 2199 1284 2265 collectionibus
1308 2198 1534 2288 (1111111111-

426 2306 588 2374 finitiones
622 2326 797 2394 earumque
830 2304 1065 2394 appendicem)
1095 2306 1129 2371 in
1157 2305 1323 2372 codicibus
1352 2305 1535 2393 adscriptae

427 2422 509 2479 sunt.
556 2412 646 2494 Quas
674 2437 695 2480 a
723 2436 776 2479 me
805 2421 934 2501 praeter
960 2434 1081 2499 paucas
1110 2412 1266 2499 quasdam
1295 2411 1329 2478 in
1357 2411 1420 2478 hoc
1449 2412 1533 2479 libro

427 2519 552 2585 edendo
581 2521 716 2587 omissas
745 2542 815 2585 esse
837 2519 933 2584 facile
957 2519 1030 2606 quis
1052 2518 1268 2605 reprehendat
1289 2519 1387 2606 idque
1410 2518 1534 2585 incuria

303 2673 309 2676 -
426 2628 546 2693 factum
569 2649 640 2693 osse
663 2625 833 2691 existimet
878 2621 945 2690 Sed
967 2624 1024 2712 qui
1046 2647 1167 2712 aequos
1188 2623 1310 2691 iudices
1326 2647 1361 2692 se
1376 2626 1534 2713 praebere

426 2731 543 2815 velint,
573 2730 607 2796 id
635 2755 735 2797 unum
762 2731 967 2796 meminerint
994 2752 1061 2798 non
1083 2730 1220 2818 publicis
1245 2732 1423 2820 sumptibus
1447 2732 1534 2799 huno

305 2910 308 2914 ,
425 2840 544 2906 librum
571 2838 743 2926 prodiisse;
774 2849 894 2904 omnes
909 2845 1017 2904 autern
1040 2837 1161 2924 figuras
1185 2838 1213 2903 si
1236 2838 1390 2905 exhibere
1412 2839 1533 2905 voluis·

426 2968 510 3027 sem,
539 2949 683 3013 futurum
709 2944 825 3029 fuisse,
856 2953 892 3012 ut
918 2953 1028 3011 tantae
1057 2944 1172 3011 fierent
1200 2945 1365 3033 impensae
1396 2954 1533 3035 quantas

425 3051 544 3142 privati
577 3053 611 3117 in
646 3076 681 3119 se
717 3053 880 3140 suscipere
913 3075 981 3118 non
1008 3060 1148 3139 possent.
1198 3051 1246 3118 At
1273 3075 1351 3118 vero
1379 3075 1422 3118 ne
1452 3076 1533 3141 opus

425 3157 555 3246 quidem
577 3157 639 3224 fuit
660 3157 769 3226 omnia
790 3156 968 3245 figurarum
990 3157 1187 3225 lineamenta
1202 3159 1387 3247 appingere,
1413 3158 1533 3249 quippe

426 3265 594 3354 cumipse
622 3265 714 3331 Hero
742 3263 863 3352 figuras
893 3263 939 3331 ita
967 3265 1076 3331 verbis
1107 3265 1289 3332 describere
1318 3267 1532 3350 consueverit,

425 3381 462 3439 ut
489 3371 596 3458 quivis
618 3371 741 3459 peritus
763 3370 939 3459 imaginem
963 3371 1056 3460 quasi
1079 3372 1301 3439 adumbratam
1324 3372 1432 3439 animo
1455 3395 1532 3438 con-

426 3478 524 3566 cipiat
545 3499 607 3543 nec
630 3469 673 3545 ad
694 3478 890 3545 bneamenta
905 3500 1056 3566 expressa
1072 3477 1247 3566 confugere
1263 3488 1407 3566 cogatur.
1446 3466 1532 3546 Turn

382 3641 384 3644 .
425 3584 459 3650 in
488 3583 735 3649 stereometricia
764 3592 797 3649 et
823 3583 858 3649 in
881 3583 1071 3672 (leoponico
1100 3585 1182 3650 libro
1211 3585 1384 3673 pleraeque
1407 3585 1533 3673 figurae

425 3698 490 3754 tam
519 3688 636 3755 misere
665 3698 835 3778 corruptae
864 3702 953 3774 sunt,
977 3699 1013 3756 ut
1035 3692 1093 3757 has
1116 3701 1261 3780 repetere
1284 3691 1365 3758 nihil
1387 3693 1532 3784 referret

425 3793 482 3862 Sic
505 3818 568 3884 ego
584 3818 624 3862 ea
645 3803 769 3863 tantum
793 3796 879 3885 typis
902 3798 1092 3865 excudenda
1115 3799 1227 3865 curavi
1249 3821 1333 3886 quae
1348 3798 1460 3886 utique
1475 3822 1532 3866 ne·

426 3901 568 3967 cessaria
592 3923 662 3967 esse
685 3901 765 3968 mihi
786 3902 982 3971 viderentur.

442 4068 445 4074 .
515 4006 608 4088 Quae
633 4017 802 4096 praeterea
829 4009 863 4074 in
889 4009 951 4076 hac
973 4010 1173 4099 praefatione
1196 4010 1334 4077 dicenda
1357 4019 1431 4077 sunt
1453 4034 1532 4099 quo-

425 4114 513 4182 niam
536 4115 576 4182 ad
596 4110 742 4202 ‘singulas
758 4116 900 4183 Heronio
923 4116 1132 4207 reliquiarum
1154 4126 1263 4206 partes
1286 4126 1443 4206 spectant,
1467 4118 1534 4186 iam

428 4244 470 4287 ex
493 4221 605 4289 ordine
628 4244 776 4310 quaeque
798 4245 984 4311 persequar.

513 4327 542 4393 Ι.
587 4328 654 4394 Res
683 4328 753 4416 ipsa
781 4330 944 4417 postulare
972 4328 1156 4415 videbatur,
1185 4338 1223 4397 ut
1249 4328 1544 4402 Definitiones.

425 4433 592 4500 nominum
613 4435 811 4523 geometriae
833 4436 937 4524 primo
960 4436 1033 4502 loco
1055 4459 1225 4524 ponerem,
1255 4459 1316 4504 nec
1339 4437 1418 4502 fecit
1440 4437 1534 4503 aliter

426 4539 586 4608 Martinus
609 4541 643 4608 in
665 4540 748 4608 libro
773 4565 839 4609 suo.
884 4543 1028 4610 Easdem
1052 4544 1128 4610 olim
1151 4543 1252 4610 edidit
1266 4544 1475 4633 Dasypodius
1498 4545 1533 4612 in
