3925 5742
687 805 831 860 οεοοωε
849 807 944 860 Libba
964 808 1181 863 εωιεοωοοε.
1440 784 1508 866 τοο

686 959 734 1028 Τί
754 961 844 1030 ἐστι
865 965 1010 1048 τομεύς
1027 964 1188 1047 κόκλου;
1506 973 1526 1035 9

470 1060 595 1144 Τομεδς
617 1060 654 1128 δὲ
674 1060 793 1131 κύκλου
818 1063 889 1132 ἐστὶ
910 1066 949 1134 τό
973 1065 1207 1156 περιεχόμενον
1228 1069 1339 1158 σχῆμα
1359 1094 1389 1136 κ.
1411 1095 1440 1136 τ.
1462 1070 1489 1137 λ.

382 1165 428 1244 (ν.
444 1166 513 1229 ibid.
530 1167 594 1247 35).
705 1210 709 1221 .

444 1280 556 1364 Τίνες
577 1281 618 1353 αἱ
639 1292 713 1353 τοῖν
735 1286 773 1354 ἐν
793 1293 877 1367 τοῖς
898 1288 1123 1370 ἐπιπέδοις
1144 1286 1437 1379 εὐθυγράμμων
1508 1294 1546 1356 10

341 1400 358 1448 5
714 1389 925 1478 σχημάτων
946 1390 1160 1481 διαφοραῖς

471 1490 543 1555 Τῶν
563 1487 598 1556 ἐν
618 1493 689 1570 τοῖς
709 1490 892 1573 ἐπιπέδοις
913 1521 942 1560 κ.
956 1518 986 1561 τ.
1002 1496 1030 1561 λ.
1054 1501 1099 1578 (V.
1114 1500 1183 1562 ibid.
1201 1501 1263 1576 40).

743 1628 791 1697 Τί
812 1630 901 1699 ἐστι
922 1606 1133 1720 τρίγωνονς
1508 1643 1544 1703 11

471 1726 635 1816 Τρίγωνόν
656 1730 729 1800 ἐστι
750 1735 861 1823 σχῆμα
882 1731 1048 1803 ἐπίπεδον
1068 1762 1097 1803 κ.
1113 1762 1140 1803 τ.
1157 1736 1184 1801 λ.
1208 1740 1253 1821 (V.
1269 1741 1339 1803 ibid.
1356 1742 1420 1818 41).

605 1867 702 1937 Τίνα
723 1870 921 1961 τριγώνων
944 1870 1033 1963 εῖδη
1056 1875 1124 1941 καί
1147 1872 1270 1956 πόσας
1508 1882 1546 1973 12

327 1979 359 2030 10
471 1969 544 2036 Τῶν
571 1969 609 2040 δὲ
634 1972 801 2063 τριγώνων
828 1970 851 2064 λη’
874 1975 1078 2065 τριπλεύρων
1104 1974 1278 2067 σχημάτων
1304 2001 1333 2044 κ.
1349 2001 1377 2042 τ.
1393 1977 1421 2042 λ.
1444 1981 1488 2059 (V.

379 2074 449 2136 ibid.
466 2077 529 2156 ιο).
1430 2084 1433 2091 “

743 2192 791 2261 Τί
811 2195 856 2262 τό
879 2193 1135 2283 ίσόπλευρονς
1508 2213 1546 2276 13

462 2288 671 2385 Ἰσόπλευρον
692 2295 754 2381 μὲν
776 2291 832 2365 σύν
853 2297 945 2367 ἐστιν
965 2324 994 2365 κ.
1011 2324 1039 2365 τ.
1054 2300 1082 2366 λ.
1107 2305 1152 2382 (V.
1170 2305 1238 2366 ibid.
1256 2305 1320 2382 43).

760 2435 807 2504 Τί
827 2437 874 2505 τό
897 2435 1118 2520 ῖσοσκελός;
1507 2442 1546 2503 14

325 2553 358 2602 15
461 2531 627 2626 Ἰσοσκελῆ
654 2537 692 2604 δὲ
720 2534 784 2605 ὅσα
810 2538 871 2619 τάς
897 2538 957 2607 δύο
982 2540 1087 2625 μόνας
1112 2537 1190 2620 ’ίσας
1217 2537 1284 2624 ἔχει
1305 2540 1366 2619 τάς
1387 2541 1489 2607 πλευ-

378 2634 447 2724 ράς.
494 2642 538 2723 (V.
554 2645 626 2707 ibid.
643 2647 706 2722 44).

763 2757 810 2828 Τί
830 2761 874 2828 τό
896 2763 1110 2852 σκαληνόν,·
1506 2766 1544 2826 15

291 2942 293 2947 ¹
463 2861 613 2951 Σκαληνά
640 2862 677 2930 δὲ
703 2861 766 2931 ὅσα
792 2862 854 2942 τὰς
878 2870 965 2954 τρεῖς
993 2862 1127 2947 ἀνίσους
1153 2862 1220 2950 ἔχει
1243 2865 1395 2957 πλευράς.
1441 2870 1487 2950 (V.

377 2966 449 3028 ibid.
465 2970 529 3046 45).

322 3075 356 3124 20
733 3065 779 3136 Τί
800 3069 846 3136 τό
869 3065 1133 3158 δρόσγιόνιον,·
1507 3083 1544 3144 16

461 3161 683 3254 Ὀρθογιόνιον
710 3167 749 3236 δέ
773 3169 846 3239 ἐστι
873 3175 913 3240 τό
941 3171 1021 3258 μίαν
1043 3170 1118 3256 ἔχον
1140 3167 1247 3261 όρθην
1268 3168 1396 3257 γωνίαν.
1440 3175 1486 3254 (V.
1518 3186 1520 3191 '

378 3271 449 3333 ibid.
465 3273 529 3352 ιε).

755 3372 803 3443 Τί
823 3376 867 3443 τό
890 3371 1123 3461 ὀξυγώνιον,·
1505 3381 1543 3441 17

460 3469 652 3560 Ὀξυγιόνιον
673 3474 711 3542 δὲ
731 3478 791 3557 τάς
808 3481 894 3565 τρεῖς
909 3473 1021 3572 ὀξείας
1035 3474 1110 3560 ἔχον
1124 3474 1252 3564 γωνίας.
1275 3482 1319 3556 (V.
1335 3481 1405 3543 ibid.
1421 3483 1486 3557 47).

324 3623 357 3672 25
726 3612 775 3681 Τί
795 3615 839 3682 τό
863 3612 1170 3711 άμβλυγιόνιονςι
1505 3624 1543 3688 18

463 3710 708 3801 Ἀμβλυγιόνιον
734 3716 773 3783 δὲ
799 3718 839 3784 τό
865 3716 946 3804 μίαν
972 3716 1046 3803 ἔχον
1072 3715 1232 3806 ἀμβλεῖαν
1262 3715 1389 3805 γωνίαν.
1434 3721 1486 3801 (V.
1515 3812 1518 3817 ⁶

378 3820 447 3882 ibid.
463 3822 528 3899 48).
1515 3846 1519 3852 ·

711 3921 919 4007 Τριγιόνων
941 3919 1155 4012 ἰδιότητες.
1506 3924 1544 3984 19

468 4023 518 4088 Τὰ
532 4021 593 4107 μὲν
608 4017 663 4091 οὖν
677 4021 858 4113 ἰσόπλευρα
872 4022 984 4092 πάντα
996 4020 1159 4112 όξυγιόνια
1167 4049 1195 4090 κ.
1205 4048 1233 4089 τ.
1244 4025 1271 4089 λ.
1289 4027 1332 4102 (V.
1343 4026 1411 4088 ibid.
1422 4026 1487 4104 49).
1515 4049 1518 4053 ·
1595 4091 1597 4095 ,

324 4195 358 4244 30
602 4177 703 4266 Περὶ
724 4175 1023 4269 τετραπλεύρων
1045 4176 1264 4265 σχημάτων.
1502 4193 1543 4253 20

586 4278 634 4346 Τί
656 4276 739 4347 ἐστι
761 4278 1052 4372 τετράπλευρον
1072 4278 1287 4358 ἐπίπεδονς

469 4379 716 4471 Τετρόπλευρον
737 4380 903 4451 ἐπίπεδόν
924 4381 998 4450 ἐστι
1019 4407 1048 4449 κ.
1063 4406 1091 4447 τ.
1106 4382 1135 4446 λ.
1160 4385 1205 4463 (V.
1221 4383 1290 4446 ibid.
1307 4381 1371 4458 50).

520 4517 633 4600 Τίνες
655 4516 696 4587 αἱ
717 4527 795 4588 ταῖν
815 4520 1120 4610 τετραπλεύρων
1142 4512 1356 4607 διαφοραῖς
1502 4531 1538 4592 21

470 4628 542 4690 Τῶν
564 4623 602 4692 δὲ
622 4621 869 4713 τετραπλεύρων
889 4620 1066 4713 σχημάτων
1087 4648 1116 4690 κ.
1131 4646 1159 4688 τ.
1175 4621 1203 4686 λ.
1233 4625 1278 4701 (V.
1294 4623 1363 4684 ibid.
1381 4624 1445 4700 51).
1526 4654 1530 4663 ,

433 4727 489 4768 Her.
504 4739 576 4778 geom.
592 4733 616 4770 et
630 4735 736 4771 stereom.
1256 4732 1287 4777 14
