3925 5742
828 793 1034 850 emnium.
1435 798 1484 853 113

370 949 592 1036 συντιθέμενα
613 946 760 1037 γίνονται
780 949 847 1016 κδ’·
874 940 919 1016 ῶν
939 948 1043 1038 ήμισυ
1066 948 1191 1036 γίνεται
1214 949 1273 1036 ιβ’·
1299 955 1403 1017 ταῦτα
1424 948 1484 1018 ίπὶ

367 1053 413 1120 τά
440 1051 473 1133 ς’
499 1053 559 1142 τῆς
587 1052 672 1142 πρὸς
698 1048 808 1139 ὀρθάς
836 1049 982 1138 γίνονται
1006 1050 1073 1138 οβ’·
1100 1051 1158 1119 καί
1181 1048 1254 1119 ἔστι
1276 1052 1317 1119 τὸ
1337 1050 1485 1138 έμβαόὀν

369 1155 432 1222 τοῦ
452 1153 607 1222 τοιούτου
627 1152 809 1242 τραπεζίου
832 1149 986 1238 σχοινίων
1007 1151 1073 1240 οβ’·
1095 1143 1141 1220 ῶν
1161 1148 1263 1240 ήμισο
1279 1149 1405 1240 γίνεται
1421 1150 1485 1233 λς’,

370 1253 431 1328 καὶ,
453 1250 528 1322 ἔστι
548 1256 609 1344 γῆς
629 1251 755 1341 μοόίων
775 1253 838 1336 λς’.
880 1255 940 1322 τοῦ
962 1250 1169 1342 ὀρθογωνίου
1190 1253 1352 1343 τριγώνου
1372 1250 1406 1320 αἲ
1423 1253 1514 1322 δῶσι

333 1381 349 1429 5
372 1356 515 1444 πλευραί
536 1356 596 1445 τῆς
618 1352 726 1446 ὀρθής
747 1355 867 1444 γωνίας
887 1353 907 1445 ή
930 1355 992 1441 μέν
1009 1355 1164 1438 σχοινίων
1177 1358 1287 1445 τριῶν,
1304 1353 1324 1446 ή
1340 1357 1377 1424 δὲ
1391 1377 1484 1441 σχοι-

369 1456 451 1525 νίων
478 1454 531 1524 ιε’·
557 1458 601 1525 τά
625 1457 702 1547 τρία
730 1459 789 1545 τής
816 1457 897 1543 μιᾶς
923 1456 1263 1543 πολυπλασιαζόμινα
1291 1457 1351 1526 &aa
1372 1459 1416 1527 τὰ
1439 1457 1484 1525 ιε’

368 1561 432 1648 τῆς
458 1554 572 1648 ἑτέρας
593 1555 753 1648 άτμήτως
774 1556 921 1646 γίνονται
942 1557 1007 1644 με’·
1036 1549 1080 1624 ὧν
1100 1555 1202 1647 ήμισυ
1226 1556 1351 1646 γίνεται
1372 1559 1428 1646 ιβ’
1449 1564 1482 1626 S·

370 1659 431 1728 καί
454 1655 526 1727 έστι
548 1660 587 1728 τὸ
610 1660 757 1748 ἐμβαδὸν
776 1667 837 1728 τοῶ
858 1656 957 1727 αότοῖι
979 1655 1188 1750 ὀρθογωνίου
1209 1660 1368 1751 τριγώνου
1389 1682 1485 1745 σχοι-

370 1760 452 1829 νίων
471 1760 527 1848 κβ’
548 1767 584 1828 S·
607 1761 711 1830 πάλιν
731 1762 771 1831 τὸ
793 1761 897 1852 ήμισο
921 1767 987 1828 τῶν
1008 1760 1064 1847 κβ’
1085 1767 1106 1828 8
1126 1758 1252 1849 γίνεται
1276 1763 1325 1829 ια’
1348 1762 1400 1846 δ”,
1427 1763 1485 1830 καὶ

320 1882 354 1932 10
373 1859 448 1932 ἔστι
479 1863 605 1950 μοδίων
637 1862 688 1933 ια’
719 1865 778 1932 καί
808 1864 927 1952 λιτρῶν
955 1861 1045 1931 δέκα.
1087 1861 1172 1949 ὁμοῦ
1199 1861 1394 1954 άμφοτέρων
1419 1870 1517 1931 τῶνι

371 1963 551 2056 τμημάτων
581 1963 658 2056 ήτοι
688 1969 748 2035 τοῦ
777 1963 856 2035 ὅλου
882 1962 1063 2055 τραπεζίου
1091 1966 1131 2034 τὸ
1158 1965 1305 2053 έμβαόὀν
1331 1965 1486 2051 σχοινίων

372 2067 730 2158 ένινήκοντατεσσάρων
756 2066 909 2159 ήμίσοος·
937 2060 983 2134 ῶν
1008 2067 1047 2134 τό
1074 2065 1178 2156 ήμισυ
1201 2068 1330 2157 γίνεται
1352 2068 1408 2154 μζ’
1432 2066 1483 2150 δ”,

373 2169 432 2237 καί
453 2167 526 2238 ἔστι
547 2177 608 2260 γῆς
629 2166 756 2255 μοόίων
775 2169 834 2257 μζ’
855 2168 914 2238 καὶ
935 2169 1054 2257 λιτρῶν
1075 2168 1165 2239 δέκα.

463 2273 511 2340 Τό
531 2273 685 2341 τοιοῦτον
704 2274 813 2362 σχήμα
828 2268 981 2361 διαιροά-
1501 2275 1541 2336 86

321 2397 355 2450 15
375 2398 474 2459 μονον
504 2376 589 2443 κατά
620 2376 680 2464 τήν
706 2373 787 2460 μίαν
812 2376 878 2442 τῶν
904 2375 982 2440 ὀια-
1631 2459 1632 2463 ρ

374 2472 501 2562 γωνίων
522 2481 619 2544 ποιοῖ
638 2478 678 2544 τό
697 2476 757 2562 μὲν
772 2471 982 2565 ὀρθογώνιον
1198 2486 1210 2496 ’
1501 2551 1503 2555 ,
1534 2530 1535 2534 ,

372 2576 554 2665 τραπέζιον
570 2574 618 2656 εἰς
631 2574 788 2666 τμήματα
805 2577 867 2645 ὀόο
882 2574 982 2667 ήγουν

375 2674 425 2758 εἷς
455 2676 613 2768 τρίγωνον
646 2676 815 2759 ἰσοσκελές
846 2680 905 2747 καί
934 2677 982 2760 οἷς
1380 2665 1468 2842 W

372 2780 552 2869 τραπέζιον
566 2777 773 2870 ὀρθογώνιον
788 2781 897 2872 ἕτερον
906 2777 982 2850 ἴσον
1517 2802 1520 2805 ’

319 2899 355 2950 20
373 2884 423 2972 τῷ
444 2879 609 2950 ίσοσκιλεῖ
627 2883 786 2976 τριγώνῳ,
808 2888 848 2955 τό
870 2886 908 2954 δέ
930 2885 1139 2977 ὀρθογώνιον
1156 2885 1314 2977 τρίγωνον
1329 2883 1377 2967 εἰς
1391 2885 1486 2975 ἕτερα

372 2982 531 3073 τμήματα
564 2982 626 3053 ὀάο
657 2982 755 3076 ἤγουν
787 2986 836 3069 εἷς
865 2986 1023 3078 τρίγωνον
1049 2987 1254 3081 ὀρθογώνιον
1282 2987 1486 3078 βραχύτατον

373 3084 433 3153 καὶ
446 3083 503 3166 τίς
516 3085 672 3175 τρίγωνον
688 3085 915 3179 ἀμβλυγώνιον
928 3090 1174 3182 τετραπλάσιον
1187 3091 1247 3158 τοῦ
1270 3085 1485 3177 ὀρθογωνίου.

372 3183 393 3274 ἦ
428 3187 466 3254 δὲ
492 3184 713 3280 άναμέτρήσις
741 3188 822 3275 [ἑνὸς
848 3191 990 3262 ἑκάστου
1016 3193 1196 3282 τμήματος]
1224 3187 1292 3273 ἔχει
1321 3187 1438 3268 οὕτως·
1465 3188 1517 3279 ἦν

374 3287 475 3374 βάσις
495 3297 556 3361 τοῦ
583 3288 771 3374 ίσοσκιλοῧς
794 3294 952 3385 τριγώνου
975 3292 1128 3380 σχοινίων
1150 3292 1209 3379 ιβ’,
1239 3290 1260 3383 ή
1285 3291 1322 3359 δέ
1342 3289 1488 3371 κάθετος

321 3407 358 3458 25
377 3387 476 3458 αότοῦ
502 3391 656 3476 σχοινίων
680 3395 722 3476 ς’·
749 3397 789 3464 τό
809 3394 913 3485 ἥμισυ
941 3403 1002 3487 τής
1029 3394 1160 3484 βάσεως
1180 3391 1282 3485 ήγουν
1301 3392 1344 3459 τά
1366 3392 1400 3473 ς’
1423 3416 1487 3459 πο-

375 3493 663 3580 λυπλασιαζόμενα
688 3495 749 3565 ἐπὶ
775 3499 818 3566 τὰ
845 3498 878 3582 ς’
904 3505 965 3590 τῆς
992 3495 1138 3567 καθέτου
1168 3493 1313 3585 γίνονται
1339 3493 1402 3575 λς’·
1430 3493 1488 3562 καί

376 3593 450 3662 ἔστι
471 3597 510 3664 vo*
531 3596 679 3685 έμβαόὀν
698 3600 758 3669 τοῦ
780 3598 971 3682 ίσοσκολοῶς
990 3599 1148 3692 τριγώνου
1163 3596 1317 3682 σχοινίων
1331 3595 1393 3678 λς’·
1413 3595 1488 3665 του’·

374 3720 442 3763 των
467 3699 506 3765 τὸ
527 3695 629 3787 ήμισυ
655 3698 780 3788 γίνεται
809 3702 872 3793 ιη’,
899 3703 957 3773 καὶ
985 3699 1058 3772 ἔστι
1081 3702 1138 3794 γῆς
1158 3697 1287 3788 μοόίων
1310 3697 1485 3767 δεκαοκτώ.

374 3795 395 3888 ή
418 3801 545 3890 κορυφή
568 3803 626 3870 τοῦ
649 3800 855 3893 ὀρθογωνίου
867 3802 1048 3896 τραπεζίου
1069 3801 1224 3888 σχοινίων
1238 3801 1337 3883 ἐννέα,
1352 3796 1373 3890 ή
1387 3799 1489 3887 βάσις
1506 3833 1519 3871 ι

324 3917 360 3968 30
376 3900 532 3985 σχοινίων
557 3904 673 3993 τριῶν,
702 3906 760 3973 καί
781 3906 801 3996 ή
825 3907 912 3993 πρός
933 3904 1042 3998 ὀρθάς
1064 3903 1165 3974 αὐτοῦ
1186 3903 1313 3996 πλευρά
1335 3900 1489 3986 σχοινίων

376 4000 418 4082 ς’·
446 4003 489 4068 τά
516 4002 558 4070 θ’
585 4006 645 4095 τῆς
671 4009 817 4096 κορυφῆς
837 4008 896 4075 καὶ
916 4009 959 4076 τά
982 4009 1015 4094 γ’
1037 4010 1097 4098 τῆς
1117 4005 1247 4092 βάσεως
1268 4000 1488 4087 συντιθέμενα

375 4102 522 4191 γίνονται
552 4105 622 4202 ιβ’·
638 4099 684 4176 ῶν
703 4109 743 4176 τὸ
766 4106 869 4200 ήμισυ
891 4107 1017 4199 γίνεται
1040 4107 1082 4190 ς’·
1104 4108 1208 4175 ταῦτα
1229 4104 1289 4173 ὀπὶ
1310 4104 1353 4171 τά
1375 4102 1408 4184 ς’
1429 4107 1488 4192 τής
1594 4163 1596 4166 .

445 4293 470 4344 θ.
487 4296 597 4363 γίνεται
609 4311 657 4348 om.
670 4296 692 4346 D
754 4297 779 4347 ⁵.
798 4296 911 4364 σχοινία
921 4291 952 4365 γ’
965 4305 993 4347 et
1005 4296 1118 4365 σχοινία
1131 4290 1166 4347 ιε’
1180 4293 1202 4343 D
1256 4291 1296 4341 10.
1313 4286 1425 4359 μοόίων
1437 4284 1486 4352 ια’]

376 4373 579 4443 νῆτμοόίωνί)
649 4372 705 4427 ιἸ)
775 4371 973 4448 12.qo's''1)
1041 4371 1165 4444 ἡμίσεος]
1180 4368 1302 4444 ήμισυΑ
1373 4368 1412 4420 13.
1432 4364 1488 4419 ιἸ)

448 4457 489 4506 17.
502 4463 529 4507 et
540 4457 581 4507 21.
592 4453 621 4523 β’
634 4457 655 4508 D
740 4457 783 4508 21.
799 4453 974 4527 βραχύτατον
991 4473 1039 4509 om.
1053 4456 1074 4507 D
1155 4454 1195 4505 23.
1215 4448 1276 4509 ἑνὸς
1288 4445 1409 4502 ἑκάστου
1420 4445 1489 4523 τμή-
1510 4493 1514 4504 ,

376 4552 469 4604 ματος
480 4535 565 4588 οιιι.Α
643 4538 685 4589 24.
705 4539 876 4606 ίσοσκελοῦς]
890 4537 1012 4591 ίσοσθεν
1024 4535 1089 4589 δὲΙ)
1158 4535 1200 4586 25.
1217 4528 1249 4585 τὸ
1262 4526 1359 4601 ἥμισυ]
1373 4531 1406 4583 τὰ
1418 4527 1455 4582 δ”
1469 4530 1490 4581 D

447 4619 490 4671 28.
507 4617 619 4690 μοόίων
631 4615 671 4685 ιη’
682 4617 705 4670 Ι)
772 4620 815 4671 29.
834 4620 948 4687 σχοινία
960 4615 996 4670 θ’
1008 4619 1030 4668 Ι)
1099 4617 1140 4668 30.
1159 4612 1190 4686 γ’
1202 4617 1224 4666 Ι)

424 4704 488 4744 sfler.
502 4714 575 4754 geom.
591 4707 615 4747 et
628 4707 734 4746 τιοτοοια.
1273 4704 1288 4752 8
