<?xml version="1.0" encoding="UTF-8"?>
<!DOCTYPE html PUBLIC "-//W3C//DTD XHTML 1.0 Transitional//EN"
    "http://www.w3.org/TR/xhtml1/DTD/xhtml1-transitional.dtd">
<html xmlns="http://www.w3.org/1999/xhtml" xml:lang="en" lang="en">
 <head>
  <title>
</title>
<meta http-equiv="Content-Type" content="text/html;charset=utf-8" />
  <meta name='ocr-system' content='tesseract 3.04.00' />
  <meta name='ocr-capabilities' content='ocr_page ocr_carea ocr_par ocr_line ocrx_word'/>
</head>
<body>
  <div class='ocr_page' id='page_1' title='image "./heronisalexandr00hultgoog/heronisalexandr00hultgoog_0019.png"; bbox 0 0 3925 5742; ppageno 0'>
   <div class='ocr_carea' id='block_1_1' title="bbox 775 767 1479 834">
    <p class='ocr_par' dir='ltr' id='par_1_1' title="bbox 775 767 1479 834">
     <span class='ocr_line' id='line_1_1' title="bbox 775 767 1479 834; baseline 0.006 -16"><span class='ocrx_word' id='word_1_1' title='bbox 775 796 779 805; x_wconf 84' lang='lat'><em>-</em></span> <span class='ocrx_word' id='word_1_2' title='bbox 812 767 1016 821; x_wconf 75' lang='lat' dir='ltr'>ruaurauo</span> <span class='ocrx_word' id='word_1_3' title='bbox 1449 791 1479 834; x_wconf 80' lang='lat' dir='ltr'>u</span> 
     </span>
    </p>
   </div>
   <div class='ocr_carea' id='block_1_2' title="bbox 364 918 1481 4638">
    <p class='ocr_par' dir='ltr' id='par_1_2' title="bbox 364 918 1481 4638">
     <span class='ocr_line' id='line_1_2' title="bbox 365 918 1479 1009; baseline 0.003 -23"><span class='ocrx_word' id='word_1_4' title='bbox 365 921 450 986; x_wconf 93' lang='lat' dir='ltr'>libro</span> <span class='ocrx_word' id='word_1_5' title='bbox 475 943 572 1008; x_wconf 91' lang='lat' dir='ltr'>quem</span> <span class='ocrx_word' id='word_1_6' title='bbox 595 943 693 1007; x_wconf 86' lang='lat' dir='ltr'>supra</span> <span class='ocrx_word' id='word_1_7' title='bbox 716 918 860 1009; x_wconf 82' lang='lat' dir='ltr'>(de)</span> <span class='ocrx_word' id='word_1_8' title='bbox 885 921 984 989; x_wconf 86' lang='lat' dir='ltr'>citavi</span> <span class='ocrx_word' id='word_1_9' title='bbox 1006 921 1080 988; x_wconf 91' lang='lat' dir='ltr'>inde</span> <span class='ocrx_word' id='word_1_10' title='bbox 1102 946 1122 989; x_wconf 91' lang='lat' dir='ltr'>a</span> <span class='ocrx_word' id='word_1_11' title='bbox 1141 923 1195 989; x_wconf 85' lang='lat' dir='ltr'>fol.</span> <span class='ocrx_word' id='word_1_12' title='bbox 1211 921 1282 989; x_wconf 74' lang='lat'>33¹³.</span> <span class='ocrx_word' id='word_1_13' title='bbox 1324 921 1479 1003; x_wconf 83' lang='lat' dir='ltr'>Quicum</span> 
     </span>
     <span class='ocr_line' id='line_1_3' title="bbox 365 1018 1480 1111; baseline 0.001 -19"><span class='ocrx_word' id='word_1_14' title='bbox 365 1027 454 1093; x_wconf 88' lang='lat' dir='ltr'>hunc</span> <span class='ocrx_word' id='word_1_15' title='bbox 483 1026 613 1111; x_wconf 84' lang='lat' dir='ltr'>titulum</span> <span class='ocrx_word' id='word_1_16' title='bbox 640 1025 846 1094; x_wconf 79' lang='lat' dir='ltr'>inscriberet:</span> <span class='ocrx_word' id='word_1_17' title='bbox 871 1021 926 1092; x_wconf 82' lang='lat' dir='ltr'>&#39;En</span> <span class='ocrx_word' id='word_1_18' title='bbox 954 1025 1010 1092; x_wconf 65' lang='lat' dir='ltr'>rot·</span> <span class='ocrx_word' id='word_1_19' title='bbox 1040 1025 1093 1093; x_wconf 76' lang='lat' dir='ltr'>rod</span> <span class='ocrx_word' id='word_1_20' title='bbox 1113 1018 1241 1108; x_wconf 69' lang='lat' dir='ltr'>‘&#39;pruor</span> <span class='ocrx_word' id='word_1_21' title='bbox 1263 1022 1328 1110; x_wconf 74' lang='grc' dir='ltr'>περὶ</span> <span class='ocrx_word' id='word_1_22' title='bbox 1352 1025 1406 1093; x_wconf 70' lang='grc' dir='ltr'>τῶν</span> <span class='ocrx_word' id='word_1_23' title='bbox 1429 1025 1480 1109; x_wconf 70' lang='grc' dir='ltr'>τῆς</span> 
     </span>
     <span class='ocr_line' id='line_1_4' title="bbox 364 1126 1479 1222; baseline 0.003 -24"><span class='ocrx_word' id='word_1_24' title='bbox 364 1131 538 1221; x_wconf 76' lang='grc' dir='ltr'><em>γεωμετρίας</em></span> <span class='ocrx_word' id='word_1_25' title='bbox 566 1126 725 1219; x_wconf 71' lang='grc' dir='ltr'><em>ὀνομάτων,</em></span> <span class='ocrx_word' id='word_1_26' title='bbox 754 1133 823 1221; x_wconf 90' lang='lat' dir='ltr'>ipse</span> <span class='ocrx_word' id='word_1_27' title='bbox 847 1133 1044 1221; x_wconf 81' lang='lat' dir='ltr'>significavit</span> <span class='ocrx_word' id='word_1_28' title='bbox 1067 1157 1101 1201; x_wconf 91' lang='lat' dir='ltr'>se</span> <span class='ocrx_word' id='word_1_29' title='bbox 1123 1148 1190 1200; x_wconf 84' lang='lat' dir='ltr'>nori</span> <span class='ocrx_word' id='word_1_30' title='bbox 1212 1133 1375 1222; x_wconf 81' lang='lat' dir='ltr'>integrum</span> <span class='ocrx_word' id='word_1_31' title='bbox 1397 1157 1479 1222; x_wconf 87' lang='lat' dir='ltr'>opus</span> 
     </span>
     <span class='ocr_line' id='line_1_5' title="bbox 366 1238 1478 1329; baseline 0 -23"><span class='ocrx_word' id='word_1_32' title='bbox 366 1241 464 1328; x_wconf 92' lang='lat' dir='ltr'>quale</span> <span class='ocrx_word' id='word_1_33' title='bbox 489 1239 523 1305; x_wconf 90' lang='lat' dir='ltr'>in</span> <span class='ocrx_word' id='word_1_34' title='bbox 547 1238 659 1306; x_wconf 87' lang='lat' dir='ltr'>codice</span> <span class='ocrx_word' id='word_1_35' title='bbox 681 1263 778 1306; x_wconf 89' lang='lat' dir='ltr'>manu</span> <span class='ocrx_word' id='word_1_36' title='bbox 802 1240 921 1329; x_wconf 86' lang='lat' dir='ltr'>scripto</span> <span class='ocrx_word' id='word_1_37' title='bbox 944 1239 1132 1324; x_wconf 87' lang='lat' dir='ltr'>invenisset,</span> <span class='ocrx_word' id='word_1_38' title='bbox 1156 1239 1213 1305; x_wconf 90' lang='lat' dir='ltr'>sed</span> <span class='ocrx_word' id='word_1_39' title='bbox 1228 1238 1387 1327; x_wconf 75' lang='lat' dir='ltr'><strong>quaedam</strong></span> <span class='ocrx_word' id='word_1_40' title='bbox 1402 1240 1478 1306; x_wconf 88' lang='lat' dir='ltr'>inde</span> 
     </span>
     <span class='ocr_line' id='line_1_6' title="bbox 366 1344 1477 1434; baseline 0.001 -23"><span class='ocrx_word' id='word_1_41' title='bbox 366 1355 524 1434; x_wconf 90' lang='lat' dir='ltr'>excerpta</span> <span class='ocrx_word' id='word_1_42' title='bbox 552 1344 587 1410; x_wconf 92' lang='lat' dir='ltr'>in</span> <span class='ocrx_word' id='word_1_43' title='bbox 614 1345 721 1412; x_wconf 92' lang='lat' dir='ltr'>lucem</span> <span class='ocrx_word' id='word_1_44' title='bbox 744 1348 897 1434; x_wconf 90' lang='lat' dir='ltr'>proferre.</span> <span class='ocrx_word' id='word_1_45' title='bbox 943 1345 995 1412; x_wconf 82' lang='lat' dir='ltr'>Ac</span> <span class='ocrx_word' id='word_1_46' title='bbox 1017 1370 1094 1414; x_wconf 90' lang='lat' dir='ltr'>vero</span> <span class='ocrx_word' id='word_1_47' title='bbox 1117 1347 1237 1412; x_wconf 87' lang='lat' dir='ltr'>totiens</span> <span class='ocrx_word' id='word_1_48' title='bbox 1260 1354 1382 1412; x_wconf 86' lang='lat' dir='ltr'>ettam</span> <span class='ocrx_word' id='word_1_49' title='bbox 1404 1367 1477 1433; x_wconf 81' lang='lat' dir='ltr'>gre·</span> 
     </span>
     <span class='ocr_line' id='line_1_7' title="bbox 365 1451 1479 1541; baseline 0.001 -24"><span class='ocrx_word' id='word_1_50' title='bbox 365 1451 452 1517; x_wconf 87' lang='lat' dir='ltr'>viter</span> <span class='ocrx_word' id='word_1_51' title='bbox 481 1473 520 1517; x_wconf 85' lang='lat' dir='ltr'>ea</span> <span class='ocrx_word' id='word_1_52' title='bbox 551 1475 634 1539; x_wconf 90' lang='lat' dir='ltr'>quac</span> <span class='ocrx_word' id='word_1_53' title='bbox 663 1451 697 1517; x_wconf 93' lang='lat' dir='ltr'>in</span> <span class='ocrx_word' id='word_1_54' title='bbox 721 1451 833 1519; x_wconf 92' lang='lat' dir='ltr'>codice</span> <span class='ocrx_word' id='word_1_55' title='bbox 855 1452 935 1541; x_wconf 85' lang='lat' dir='ltr'>legit</span> <span class='ocrx_word' id='word_1_56' title='bbox 956 1453 1140 1519; x_wconf 76' lang='lat' dir='ltr'>immutavit</span> <span class='ocrx_word' id='word_1_57' title='bbox 1161 1462 1274 1540; x_wconf 88' lang='lat' dir='ltr'>totque</span> <span class='ocrx_word' id='word_1_58' title='bbox 1296 1451 1422 1518; x_wconf 89' lang='lat' dir='ltr'>minora</span> <span class='ocrx_word' id='word_1_59' title='bbox 1443 1451 1479 1518; x_wconf 90' lang='lat' dir='ltr'>in</span> 
     </span>
     <span class='ocr_line' id='line_1_8' title="bbox 366 1552 1478 1647; baseline 0.001 -24"><span class='ocrx_word' id='word_1_60' title='bbox 366 1558 506 1645; x_wconf 83' lang='lat' dir='ltr'>singulis</span> <span class='ocrx_word' id='word_1_61' title='bbox 528 1552 636 1624; x_wconf 75' lang='lat' dir='ltr'>verbis</span> <span class='ocrx_word' id='word_1_62' title='bbox 660 1560 778 1627; x_wconf 88' lang='lat' dir='ltr'>menda</span> <span class='ocrx_word' id='word_1_63' title='bbox 800 1568 856 1624; x_wconf 90' lang='lat' dir='ltr'>aut</span> <span class='ocrx_word' id='word_1_64' title='bbox 878 1559 999 1625; x_wconf 90' lang='lat' dir='ltr'>inscius</span> <span class='ocrx_word' id='word_1_65' title='bbox 1022 1559 1152 1647; x_wconf 90' lang='lat' dir='ltr'>reliquit</span> <span class='ocrx_word' id='word_1_66' title='bbox 1174 1567 1230 1626; x_wconf 90' lang='lat' dir='ltr'>aut</span> <span class='ocrx_word' id='word_1_67' title='bbox 1251 1581 1337 1626; x_wconf 91' lang='lat' dir='ltr'>nova</span> <span class='ocrx_word' id='word_1_68' title='bbox 1359 1557 1478 1643; x_wconf 85' lang='lat' dir='ltr'>intulit,</span> 
     </span>
     <span class='ocr_line' id='line_1_9' title="bbox 365 1664 1478 1756; baseline 0.003 -25"><span class='ocrx_word' id='word_1_69' title='bbox 365 1673 404 1731; x_wconf 89' lang='lat' dir='ltr'>nt</span> <span class='ocrx_word' id='word_1_70' title='bbox 425 1664 488 1731; x_wconf 90' lang='lat' dir='ltr'>hae</span> <span class='ocrx_word' id='word_1_71' title='bbox 511 1664 716 1732; x_wconf 87' lang='lat' dir='ltr'>definitiones</span> <span class='ocrx_word' id='word_1_72' title='bbox 736 1666 1028 1733; x_wconf 88' lang='lat' dir='ltr'>haberideberent</span> <span class='ocrx_word' id='word_1_73' title='bbox 1049 1689 1107 1756; x_wconf 78' lang='lat' dir='ltr'>pro</span> <span class='ocrx_word' id='word_1_74' title='bbox 1123 1665 1266 1732; x_wconf 93' lang='lat' dir='ltr'>nondum</span> <span class='ocrx_word' id='word_1_75' title='bbox 1282 1665 1387 1732; x_wconf 88' lang='lat' dir='ltr'>editis.</span> <span class='ocrx_word' id='word_1_76' title='bbox 1425 1665 1478 1734; x_wconf 87' lang='lat' dir='ltr'>Ne</span> 
     </span>
     <span class='ocr_line' id='line_1_10' title="bbox 366 1771 1477 1861; baseline 0.002 -23"><span class='ocrx_word' id='word_1_77' title='bbox 366 1782 480 1838; x_wconf 81' lang='lat' dir='ltr'>tamen</span> <span class='ocrx_word' id='word_1_78' title='bbox 501 1771 552 1837; x_wconf 88' lang='lat' dir='ltr'>his</span> <span class='ocrx_word' id='word_1_79' title='bbox 574 1773 685 1839; x_wconf 88' lang='lat' dir='ltr'>verbis</span> <span class='ocrx_word' id='word_1_80' title='bbox 708 1772 813 1838; x_wconf 90' lang='lat' dir='ltr'>acrius</span> <span class='ocrx_word' id='word_1_81' title='bbox 836 1773 1071 1861; x_wconf 81' lang='lat' dir='ltr'>reprehendere</span> <span class='ocrx_word' id='word_1_82' title='bbox 1093 1773 1206 1839; x_wconf 89' lang='lat' dir='ltr'>videar</span> <span class='ocrx_word' id='word_1_83' title='bbox 1228 1772 1333 1840; x_wconf 90' lang='lat' dir='ltr'>virum</span> <span class='ocrx_word' id='word_1_84' title='bbox 1350 1772 1390 1839; x_wconf 90' lang='lat' dir='ltr'>de</span> <span class='ocrx_word' id='word_1_85' title='bbox 1406 1773 1477 1841; x_wconf 82' lang='lat' dir='ltr'>aliia</span> 
     </span>
     <span class='ocr_line' id='line_1_11' title="bbox 366 1878 1479 1967; baseline 0.003 -22"><span class='ocrx_word' id='word_1_86' title='bbox 366 1881 464 1946; x_wconf 90' lang='lat' dir='ltr'>rebus</span> <span class='ocrx_word' id='word_1_87' title='bbox 489 1878 609 1966; x_wconf 91' lang='lat' dir='ltr'>optimc</span> <span class='ocrx_word' id='word_1_88' title='bbox 633 1880 795 1963; x_wconf 83' lang='lat' dir='ltr'>meritum,</span> <span class='ocrx_word' id='word_1_89' title='bbox 818 1902 883 1946; x_wconf 92' lang='lat' dir='ltr'>non</span> <span class='ocrx_word' id='word_1_90' title='bbox 905 1888 973 1945; x_wconf 89' lang='lat' dir='ltr'>tam</span> <span class='ocrx_word' id='word_1_91' title='bbox 996 1878 1227 1967; x_wconf 80' lang='lat' dir='ltr'>vituperandus</span> <span class='ocrx_word' id='word_1_92' title='bbox 1250 1879 1328 1946; x_wconf 90' lang='lat' dir='ltr'>mihi</span> <span class='ocrx_word' id='word_1_93' title='bbox 1349 1879 1479 1948; x_wconf 78' lang='lat' dir='ltr'>videbar</span> 
     </span>
     <span class='ocr_line' id='line_1_12' title="bbox 366 1985 1476 2075; baseline 0.004 -25"><span class='ocrx_word' id='word_1_94' title='bbox 366 1985 586 2074; x_wconf 86' lang='lat' dir='ltr'>Dasypodius,</span> <span class='ocrx_word' id='word_1_95' title='bbox 611 1986 668 2073; x_wconf 93' lang='lat' dir='ltr'>qui</span> <span class='ocrx_word' id='word_1_96' title='bbox 692 2010 765 2052; x_wconf 92' lang='lat' dir='ltr'>cum</span> <span class='ocrx_word' id='word_1_97' title='bbox 788 2010 907 2054; x_wconf 90' lang='lat' dir='ltr'>novam</span> <span class='ocrx_word' id='word_1_98' title='bbox 929 2010 999 2053; x_wconf 90' lang='lat' dir='ltr'>rem</span> <span class='ocrx_word' id='word_1_99' title='bbox 1021 1995 1170 2071; x_wconf 82' lang='lat' dir='ltr'>tentaret,</span> <span class='ocrx_word' id='word_1_100' title='bbox 1194 2010 1260 2053; x_wconf 93' lang='lat' dir='ltr'>non</span> <span class='ocrx_word' id='word_1_101' title='bbox 1282 1986 1390 2053; x_wconf 88' lang='lat' dir='ltr'>statim</span> <span class='ocrx_word' id='word_1_102' title='bbox 1404 2009 1476 2075; x_wconf 90' lang='lat' dir='ltr'>per·</span> 
     </span>
     <span class='ocr_line' id='line_1_13' title="bbox 367 2092 1477 2182; baseline 0.003 -25"><span class='ocrx_word' id='word_1_103' title='bbox 367 2093 490 2158; x_wconf 87' lang='lat' dir='ltr'>fectum</span> <span class='ocrx_word' id='word_1_104' title='bbox 520 2116 600 2181; x_wconf 89' lang='lat' dir='ltr'>opus</span> <span class='ocrx_word' id='word_1_105' title='bbox 630 2093 759 2159; x_wconf 87' lang='lat' dir='ltr'>efficere</span> <span class='ocrx_word' id='word_1_106' title='bbox 782 2102 907 2181; x_wconf 89' lang='lat' dir='ltr'>posset,</span> <span class='ocrx_word' id='word_1_107' title='bbox 937 2116 1036 2180; x_wconf 92' lang='lat' dir='ltr'>quam</span> <span class='ocrx_word' id='word_1_108' title='bbox 1059 2093 1194 2181; x_wconf 81' lang='lat' dir='ltr'>posteri,</span> <span class='ocrx_word' id='word_1_109' title='bbox 1225 2092 1282 2181; x_wconf 93' lang='lat' dir='ltr'>qui</span> <span class='ocrx_word' id='word_1_110' title='bbox 1303 2116 1363 2181; x_wconf 89' lang='lat' dir='ltr'>per</span> <span class='ocrx_word' id='word_1_111' title='bbox 1384 2094 1477 2182; x_wconf 87' lang='lat' dir='ltr'>plura</span> 
     </span>
     <span class='ocr_line' id='line_1_14' title="bbox 368 2198 1478 2288; baseline 0.004 -25"><span class='ocrx_word' id='word_1_112' title='bbox 368 2199 498 2264; x_wconf 90' lang='lat' dir='ltr'>saecula</span> <span class='ocrx_word' id='word_1_113' title='bbox 527 2198 609 2264; x_wconf 88' lang='lat' dir='ltr'>nihil</span> <span class='ocrx_word' id='word_1_114' title='bbox 637 2199 829 2266; x_wconf 89' lang='lat' dir='ltr'>addiderunt</span> <span class='ocrx_word' id='word_1_115' title='bbox 856 2199 896 2265; x_wconf 91' lang='lat' dir='ltr'>ad</span> <span class='ocrx_word' id='word_1_116' title='bbox 924 2200 1064 2288; x_wconf 91' lang='lat' dir='ltr'>primum</span> <span class='ocrx_word' id='word_1_117' title='bbox 1092 2200 1178 2267; x_wconf 87' lang='lat' dir='ltr'>illius</span> <span class='ocrx_word' id='word_1_118' title='bbox 1206 2210 1367 2266; x_wconf 89' lang='lat' dir='ltr'>conatum.</span> <span class='ocrx_word' id='word_1_119' title='bbox 1411 2200 1478 2267; x_wconf 89' lang='lat' dir='ltr'>Hic</span> 
     </span>
     <span class='ocr_line' id='line_1_15' title="bbox 366 2303 1478 2394; baseline 0.001 -22"><span class='ocrx_word' id='word_1_120' title='bbox 366 2330 434 2372; x_wconf 90' lang='lat' dir='ltr'>non</span> <span class='ocrx_word' id='word_1_121' title='bbox 457 2305 585 2393; x_wconf 84' lang='lat' dir='ltr'>excipio</span> <span class='ocrx_word' id='word_1_122' title='bbox 609 2305 867 2394; x_wconf 83' lang='lat' dir='ltr'>Hasenbalgium</span> <span class='ocrx_word' id='word_1_123' title='bbox 880 2304 1003 2393; x_wconf 76' lang='lat' dir='ltr'>(supra</span> <span class='ocrx_word' id='word_1_124' title='bbox 1023 2329 1055 2393; x_wconf 93' lang='lat' dir='ltr'>p.</span> <span class='ocrx_word' id='word_1_125' title='bbox 1067 2303 1146 2393; x_wconf 85' lang='lat' dir='ltr'>IX),</span> <span class='ocrx_word' id='word_1_126' title='bbox 1171 2304 1236 2393; x_wconf 80' lang='lat' dir='ltr'>qui,</span> <span class='ocrx_word' id='word_1_127' title='bbox 1258 2305 1319 2371; x_wconf 85' lang='lat' dir='ltr'>etsi</span> <span class='ocrx_word' id='word_1_128' title='bbox 1340 2306 1478 2373; x_wconf 86' lang='lat' dir='ltr'>inomni</span> 
     </span>
     <span class='ocr_line' id='line_1_16' title="bbox 367 2411 1476 2501; baseline -0.002 -21"><span class='ocrx_word' id='word_1_129' title='bbox 367 2437 403 2480; x_wconf 89' lang='lat' dir='ltr'>re</span> <span class='ocrx_word' id='word_1_130' title='bbox 425 2411 590 2481; x_wconf 89' lang='lat' dir='ltr'>laudanda</span> <span class='ocrx_word' id='word_1_131' title='bbox 613 2421 663 2478; x_wconf 89' lang='lat' dir='ltr'>cat</span> <span class='ocrx_word' id='word_1_132' title='bbox 684 2413 844 2496; x_wconf 85' lang='lat' dir='ltr'>voluntas,</span> <span class='ocrx_word' id='word_1_133' title='bbox 867 2421 978 2477; x_wconf 84' lang='lat' dir='ltr'>temen</span> <span class='ocrx_word' id='word_1_134' title='bbox 1001 2411 1123 2478; x_wconf 89' lang='lat' dir='ltr'>viribus</span> <span class='ocrx_word' id='word_1_135' title='bbox 1139 2411 1236 2478; x_wconf 90' lang='lat' dir='ltr'>nimis</span> <span class='ocrx_word' id='word_1_136' title='bbox 1251 2411 1355 2500; x_wconf 90' lang='lat' dir='ltr'>impar</span> <span class='ocrx_word' id='word_1_137' title='bbox 1370 2412 1476 2501; x_wconf 89' lang='lat' dir='ltr'>Dasy-</span> 
     </span>
     <span class='ocr_line' id='line_1_17' title="bbox 368 2519 1477 2609; baseline 0 -23"><span class='ocrx_word' id='word_1_138' title='bbox 368 2519 457 2609; x_wconf 90' lang='lat' dir='ltr'>podii</span> <span class='ocrx_word' id='word_1_139' title='bbox 480 2519 655 2586; x_wconf 90' lang='lat' dir='ltr'>editionem</span> <span class='ocrx_word' id='word_1_140' title='bbox 677 2519 723 2585; x_wconf 89' lang='lat' dir='ltr'>ita</span> <span class='ocrx_word' id='word_1_141' title='bbox 745 2528 892 2607; x_wconf 90' lang='lat' dir='ltr'>repetere</span> <span class='ocrx_word' id='word_1_142' title='bbox 914 2541 1012 2585; x_wconf 87' lang='lat' dir='ltr'>ausus</span> <span class='ocrx_word' id='word_1_143' title='bbox 1036 2527 1094 2603; x_wconf 87' lang='lat' dir='ltr'>est,</span> <span class='ocrx_word' id='word_1_144' title='bbox 1118 2528 1155 2584; x_wconf 92' lang='lat' dir='ltr'>ut</span> <span class='ocrx_word' id='word_1_145' title='bbox 1169 2519 1364 2607; x_wconf 89' lang='lat' dir='ltr'>paucissima</span> <span class='ocrx_word' id='word_1_146' title='bbox 1380 2541 1477 2606; x_wconf 91' lang='lat' dir='ltr'>quae·</span> 
     </span>
     <span class='ocr_line' id='line_1_18' title="bbox 369 2623 1478 2713; baseline 0.002 -21"><span class='ocrx_word' id='word_1_147' title='bbox 369 2625 444 2692; x_wconf 89' lang='lat' dir='ltr'>dam</span> <span class='ocrx_word' id='word_1_148' title='bbox 467 2623 669 2706; x_wconf 84' lang='lat' dir='ltr'>emendaret,</span> <span class='ocrx_word' id='word_1_149' title='bbox 698 2625 858 2712; x_wconf 88' lang='lat' dir='ltr'>permulta</span> <span class='ocrx_word' id='word_1_150' title='bbox 881 2633 995 2692; x_wconf 84' lang='lat' dir='ltr'>contra</span> <span class='ocrx_word' id='word_1_151' title='bbox 1017 2625 1262 2713; x_wconf 84' lang='lat' dir='ltr'>imperitissimis</span> <span class='ocrx_word' id='word_1_152' title='bbox 1280 2626 1478 2694; x_wconf 87' lang='lat' dir='ltr'>coniecturis</span> 
     </span>
     <span class='ocr_line' id='line_1_19' title="bbox 367 2718 1477 2820; baseline 0.005 -24"><span class='ocrx_word' id='word_1_153' title='bbox 367 2730 472 2818; x_wconf 84' lang='lat' dir='ltr'>magis</span> <span class='ocrx_word' id='word_1_154' title='bbox 503 2731 601 2797; x_wconf 89' lang='lat' dir='ltr'>etiam</span> <span class='ocrx_word' id='word_1_155' title='bbox 630 2731 830 2819; x_wconf 81' lang='lat' dir='ltr'>depravaret</span> <span class='ocrx_word' id='word_1_156' title='bbox 877 2731 979 2816; x_wconf 82' lang='lat' dir='ltr'>Quid,</span> <span class='ocrx_word' id='word_1_157' title='bbox 1008 2733 1096 2820; x_wconf 90' lang='lat' dir='ltr'>quod</span> <span class='ocrx_word' id='word_1_158' title='bbox 1117 2733 1152 2798; x_wconf 93' lang='lat' dir='ltr'>in</span> <span class='ocrx_word' id='word_1_159' title='bbox 1176 2731 1305 2799; x_wconf 82' lang='lat' dir='ltr'>Graeco</span> <span class='ocrx_word' id='word_1_160' title='bbox 1329 2718 1477 2801; x_wconf 86' lang='lat' dir='ltr'>sermone</span> 
     </span>
     <span class='ocr_line' id='line_1_20' title="bbox 367 2824 1481 2927; baseline -0.003 -23"><span class='ocrx_word' id='word_1_161' title='bbox 367 2838 463 2926; x_wconf 88' lang='lat' dir='ltr'>plane</span> <span class='ocrx_word' id='word_1_162' title='bbox 491 2837 580 2904; x_wconf 90' lang='lat' dir='ltr'>rudis</span> <span class='ocrx_word' id='word_1_163' title='bbox 609 2837 692 2904; x_wconf 85' lang='lat' dir='ltr'>fuit‘l</span> <span class='ocrx_word' id='word_1_164' title='bbox 729 2837 831 2922; x_wconf 85' lang='lat' dir='ltr'>Nam,</span> <span class='ocrx_word' id='word_1_165' title='bbox 865 2847 901 2903; x_wconf 90' lang='lat' dir='ltr'>ut</span> <span class='ocrx_word' id='word_1_166' title='bbox 928 2837 991 2905; x_wconf 90' lang='lat' dir='ltr'>duo</span> <span class='ocrx_word' id='word_1_167' title='bbox 1021 2840 1170 2927; x_wconf 89' lang='lat' dir='ltr'>exempla</span> <span class='ocrx_word' id='word_1_168' title='bbox 1198 2840 1349 2923; x_wconf 86' lang='lat' dir='ltr'>afferam,</span> <span class='ocrx_word' id='word_1_169' title='bbox 1379 2824 1481 2920; x_wconf 70' lang='grc' dir='ltr'>ἔνισας,</span> 
     </span>
     <span class='ocr_line' id='line_1_21' title="bbox 367 2931 1476 3034; baseline 0 -23"><span class='ocrx_word' id='word_1_170' title='bbox 367 2944 471 3011; x_wconf 87' lang='lat' dir='ltr'>voluit</span> <span class='ocrx_word' id='word_1_171' title='bbox 493 2965 565 3010; x_wconf 89' lang='lat' dir='ltr'>esse</span> <span class='ocrx_word' id='word_1_172' title='bbox 589 2944 808 3012; x_wconf 80' lang='lat' dir='ltr'>accusativum</span> <span class='ocrx_word' id='word_1_173' title='bbox 830 2945 989 3033; x_wconf 81' lang='lat' dir='ltr'>pluralem</span> <span class='ocrx_word' id='word_1_174' title='bbox 1007 2945 1135 3034; x_wconf 85' lang='lat' dir='ltr'>generis</span> <span class='ocrx_word' id='word_1_175' title='bbox 1150 2945 1297 3013; x_wconf 82' lang='lat' dir='ltr'>feminini</span> <span class='ocrx_word' id='word_1_176' title='bbox 1314 2969 1356 3012; x_wconf 90' lang='lat' dir='ltr'>ex</span> <span class='ocrx_word' id='word_1_177' title='bbox 1371 2931 1476 3028; x_wconf 67' lang='lat' dir='ltr'>ducor,</span> 
     </span>
     <span class='ocr_line' id='line_1_22' title="bbox 367 3051 1476 3142; baseline 0.003 -25"><span class='ocrx_word' id='word_1_178' title='bbox 367 3052 519 3139; x_wconf 82' lang='lat' dir='ltr'>idemque</span> <span class='ocrx_word' id='word_1_179' title='bbox 548 3051 815 3139; x_wconf 77' lang='grc' dir='ltr'><em>ἔγσχηματισμένον</em></span> <span class='ocrx_word' id='word_1_180' title='bbox 843 3052 938 3117; x_wconf 80' lang='lat' dir='ltr'>finxit</span> <span class='ocrx_word' id='word_1_181' title='bbox 965 3052 1172 3142; x_wconf 81' lang='lat' dir='ltr'>participium</span> <span class='ocrx_word' id='word_1_182' title='bbox 1200 3053 1335 3141; x_wconf 81' lang='lat' dir='ltr'>perfecti</span> <span class='ocrx_word' id='word_1_183' title='bbox 1363 3077 1405 3120; x_wconf 88' lang='lat' dir='ltr'>ex</span> <span class='ocrx_word' id='word_1_184' title='bbox 1432 3055 1476 3120; x_wconf 78' lang='grc' dir='ltr'>ἒν-</span> 
     </span>
     <span class='ocr_line' id='line_1_23' title="bbox 368 3154 1477 3247; baseline 0.005 -25"><span class='ocrx_word' id='word_1_185' title='bbox 368 3154 566 3245; x_wconf 71' lang='grc' dir='ltr'>σχηματίζειν.</span> <span class='ocrx_word' id='word_1_186' title='bbox 612 3157 739 3238; x_wconf 78' lang='lat' dir='ltr'>Quibus</span> <span class='ocrx_word' id='word_1_187' title='bbox 767 3157 831 3224; x_wconf 86' lang='lat' dir='ltr'>alia</span> <span class='ocrx_word' id='word_1_188' title='bbox 858 3158 998 3246; x_wconf 85' lang='lat' dir='ltr'>plurima</span> <span class='ocrx_word' id='word_1_189' title='bbox 1027 3158 1104 3226; x_wconf 88' lang='lat' dir='ltr'>addi</span> <span class='ocrx_word' id='word_1_190' title='bbox 1125 3168 1260 3247; x_wconf 87' lang='lat' dir='ltr'>possunt</span> <span class='ocrx_word' id='word_1_191' title='bbox 1281 3183 1348 3225; x_wconf 90' lang='lat' dir='ltr'>non</span> <span class='ocrx_word' id='word_1_192' title='bbox 1369 3160 1477 3228; x_wconf 84' lang='lat' dir='ltr'>minus</span> 
     </span>
     <span class='ocr_line' id='line_1_24' title="bbox 367 3263 1476 3352; baseline 0.003 -21"><span class='ocrx_word' id='word_1_193' title='bbox 367 3265 579 3333; x_wconf 88' lang='lat' dir='ltr'>incredibilia.</span> <span class='ocrx_word' id='word_1_194' title='bbox 625 3263 681 3331; x_wconf 84' lang='lat' dir='ltr'>Sic</span> <span class='ocrx_word' id='word_1_195' title='bbox 709 3287 771 3352; x_wconf 85' lang='lat' dir='ltr'>ego</span> <span class='ocrx_word' id='word_1_196' title='bbox 801 3263 941 3352; x_wconf 92' lang='lat' dir='ltr'>primum</span> <span class='ocrx_word' id='word_1_197' title='bbox 970 3264 1129 3352; x_wconf 86' lang='lat' dir='ltr'>neglectis</span> <span class='ocrx_word' id='word_1_198' title='bbox 1157 3264 1209 3331; x_wconf 87' lang='lat' dir='ltr'>his</span> <span class='ocrx_word' id='word_1_199' title='bbox 1236 3265 1361 3333; x_wconf 89' lang='lat' dir='ltr'>duobus</span> <span class='ocrx_word' id='word_1_200' title='bbox 1384 3267 1476 3334; x_wconf 89' lang='lat' dir='ltr'>libris</span> 
     </span>
     <span class='ocr_line' id='line_1_25' title="bbox 368 3369 1477 3454; baseline 0 -15"><span class='ocrx_word' id='word_1_201' title='bbox 368 3372 576 3439; x_wconf 85' lang='lat' dir='ltr'>Heronianas</span> <span class='ocrx_word' id='word_1_202' title='bbox 598 3370 803 3437; x_wconf 87' lang='lat' dir='ltr'>definitiones</span> <span class='ocrx_word' id='word_1_203' title='bbox 827 3392 869 3435; x_wconf 90' lang='lat' dir='ltr'>ex</span> <span class='ocrx_word' id='word_1_204' title='bbox 892 3369 1050 3436; x_wconf 86' lang='lat' dir='ltr'>codiceB</span> <span class='ocrx_word' id='word_1_205' title='bbox 1074 3369 1256 3438; x_wconf 89' lang='lat' dir='ltr'>describere</span> <span class='ocrx_word' id='word_1_206' title='bbox 1279 3371 1413 3454; x_wconf 86' lang='lat' dir='ltr'>institui,</span> <span class='ocrx_word' id='word_1_207' title='bbox 1437 3395 1477 3440; x_wconf 87' lang='lat' dir='ltr'>ec</span> 
     </span>
     <span class='ocr_line' id='line_1_26' title="bbox 368 3475 1477 3566; baseline 0.003 -22"><span class='ocrx_word' id='word_1_208' title='bbox 368 3487 482 3566; x_wconf 89' lang='lat' dir='ltr'>postea</span> <span class='ocrx_word' id='word_1_209' title='bbox 505 3476 626 3544; x_wconf 91' lang='lat' dir='ltr'>contuli</span> <span class='ocrx_word' id='word_1_210' title='bbox 648 3475 677 3542; x_wconf 77' lang='lat' dir='ltr'>F</span> <span class='ocrx_word' id='word_1_211' title='bbox 700 3486 733 3543; x_wconf 90' lang='lat' dir='ltr'>et</span> <span class='ocrx_word' id='word_1_212' title='bbox 753 3476 787 3542; x_wconf 92' lang='lat' dir='ltr'>in</span> <span class='ocrx_word' id='word_1_213' title='bbox 808 3477 915 3565; x_wconf 89' lang='lat' dir='ltr'>priore</span> <span class='ocrx_word' id='word_1_214' title='bbox 938 3486 1030 3566; x_wconf 89' lang='lat' dir='ltr'>parte</span> <span class='ocrx_word' id='word_1_215' title='bbox 1055 3475 1097 3564; x_wconf 79' lang='lat'>03</span> <span class='ocrx_word' id='word_1_216' title='bbox 1124 3487 1286 3566; x_wconf 86' lang='lat' dir='ltr'>postremo</span> <span class='ocrx_word' id='word_1_217' title='bbox 1310 3479 1344 3547; x_wconf 93' lang='lat' dir='ltr'>in</span> <span class='ocrx_word' id='word_1_218' title='bbox 1366 3501 1477 3547; x_wconf 89' lang='lat' dir='ltr'>recen-</span> 
     </span>
     <span class='ocr_line' id='line_1_27' title="bbox 369 3584 1477 3680; baseline 0.003 -29"><span class='ocrx_word' id='word_1_219' title='bbox 369 3585 468 3652; x_wconf 87' lang='lat' dir='ltr'>sendo</span> <span class='ocrx_word' id='word_1_220' title='bbox 491 3585 665 3652; x_wconf 88' lang='lat' dir='ltr'>verborum</span> <span class='ocrx_word' id='word_1_221' title='bbox 689 3589 841 3650; x_wconf 84' lang='lat' dir='ltr'>contextu</span> <span class='ocrx_word' id='word_1_222' title='bbox 862 3606 880 3649; x_wconf 94' lang='lat' dir='ltr'>e</span> <span class='ocrx_word' id='word_1_223' title='bbox 900 3584 1083 3672; x_wconf 89' lang='lat' dir='ltr'>Dasypodii</span> <span class='ocrx_word' id='word_1_224' title='bbox 1104 3584 1187 3652; x_wconf 93' lang='lat' dir='ltr'>libro</span> <span class='ocrx_word' id='word_1_225' title='bbox 1211 3586 1317 3680; x_wconf 86' lang='lat' dir='ltr'>varias</span> <span class='ocrx_word' id='word_1_226' title='bbox 1341 3585 1477 3675; x_wconf 89' lang='lat' dir='ltr'>scriptu·</span> 
     </span>
     <span class='ocr_line' id='line_1_28' title="bbox 368 3690 1477 3781; baseline 0.003 -24"><span class='ocrx_word' id='word_1_227' title='bbox 368 3715 420 3759; x_wconf 85' lang='lat' dir='ltr'>ras</span> <span class='ocrx_word' id='word_1_228' title='bbox 442 3690 575 3758; x_wconf 90' lang='lat' dir='ltr'>minime</span> <span class='ocrx_word' id='word_1_229' title='bbox 598 3711 720 3774; x_wconf 89' lang='lat' dir='ltr'>omnes,</span> <span class='ocrx_word' id='word_1_230' title='bbox 745 3690 801 3756; x_wconf 93' lang='lat' dir='ltr'>sed</span> <span class='ocrx_word' id='word_1_231' title='bbox 823 3713 878 3756; x_wconf 89' lang='lat' dir='ltr'>eas</span> <span class='ocrx_word' id='word_1_232' title='bbox 893 3699 1019 3757; x_wconf 91' lang='lat' dir='ltr'>tantum</span> <span class='ocrx_word' id='word_1_233' title='bbox 1034 3692 1197 3777; x_wconf 86' lang='lat' dir='ltr'>adnotavi,</span> <span class='ocrx_word' id='word_1_234' title='bbox 1215 3715 1298 3781; x_wconf 86' lang='lat' dir='ltr'>quae</span> <span class='ocrx_word' id='word_1_235' title='bbox 1313 3693 1477 3760; x_wconf 89' lang='lat' dir='ltr'>mentions</span> 
     </span>
     <span class='ocr_line' id='line_1_29' title="bbox 368 3797 1476 3889; baseline 0.002 -26"><span class='ocrx_word' id='word_1_236' title='bbox 368 3798 487 3886; x_wconf 80' lang='lat' dir='ltr'>dignae</span> <span class='ocrx_word' id='word_1_237' title='bbox 516 3821 588 3864; x_wconf 87' lang='lat' dir='ltr'>esse</span> <span class='ocrx_word' id='word_1_238' title='bbox 614 3798 816 3880; x_wconf 80' lang='lat' dir='ltr'>viderentur,</span> <span class='ocrx_word' id='word_1_239' title='bbox 845 3805 943 3884; x_wconf 86' lang='lat' dir='ltr'>atque</span> <span class='ocrx_word' id='word_1_240' title='bbox 973 3797 1071 3865; x_wconf 89' lang='lat' dir='ltr'>etiam</span> <span class='ocrx_word' id='word_1_241' title='bbox 1093 3798 1352 3889; x_wconf 83' lang='lat' dir='ltr'>Hasenbalgium</span> <span class='ocrx_word' id='word_1_242' title='bbox 1379 3800 1476 3867; x_wconf 89' lang='lat' dir='ltr'>inter·</span> 
     </span>
     <span class='ocr_line' id='line_1_30' title="bbox 367 3901 1478 3991; baseline 0.004 -22"><span class='ocrx_word' id='word_1_243' title='bbox 367 3904 445 3970; x_wconf 92' lang='lat' dir='ltr'>dum</span> <span class='ocrx_word' id='word_1_244' title='bbox 466 3903 606 3991; x_wconf 89' lang='lat' dir='ltr'>respexi.</span> <span class='ocrx_word' id='word_1_245' title='bbox 652 3901 719 3970; x_wconf 84' lang='lat' dir='ltr'>Sed</span> <span class='ocrx_word' id='word_1_246' title='bbox 742 3902 885 3990; x_wconf 87' lang='lat' dir='ltr'>alioquin</span> <span class='ocrx_word' id='word_1_247' title='bbox 906 3903 989 3970; x_wconf 92' lang='lat' dir='ltr'>haec</span> <span class='ocrx_word' id='word_1_248' title='bbox 1011 3927 1085 3970; x_wconf 87' lang='lat' dir='ltr'>mea</span> <span class='ocrx_word' id='word_1_249' title='bbox 1107 3905 1206 3972; x_wconf 91' lang='lat' dir='ltr'>editio</span> <span class='ocrx_word' id='word_1_250' title='bbox 1228 3915 1297 3975; x_wconf 88' lang='lat' dir='ltr'>tota</span> <span class='ocrx_word' id='word_1_251' title='bbox 1318 3907 1414 3973; x_wconf 92' lang='lat' dir='ltr'>fluxit</span> <span class='ocrx_word' id='word_1_252' title='bbox 1434 3930 1478 3973; x_wconf 85' lang='lat' dir='ltr'>ex</span> 
     </span>
     <span class='ocr_line' id='line_1_31' title="bbox 369 4008 1477 4101; baseline 0.003 -25"><span class='ocrx_word' id='word_1_253' title='bbox 369 4033 480 4076; x_wconf 90' lang='lat' dir='ltr'>eorum</span> <span class='ocrx_word' id='word_1_254' title='bbox 493 4009 649 4076; x_wconf 76' lang='lat' dir='ltr'>&#39;codicum</span> <span class='ocrx_word' id='word_1_255' title='bbox 671 4011 760 4075; x_wconf 87' lang='lat' dir='ltr'>fonte</span> <span class='ocrx_word' id='word_1_256' title='bbox 784 4031 865 4095; x_wconf 92' lang='lat' dir='ltr'>quos</span> <span class='ocrx_word' id='word_1_257' title='bbox 887 4008 966 4074; x_wconf 88' lang='lat' dir='ltr'>dixi.</span> <span class='ocrx_word' id='word_1_258' title='bbox 1011 4010 1042 4076; x_wconf 85' lang='lat' dir='ltr'><strong>E</strong></span> <span class='ocrx_word' id='word_1_259' title='bbox 1065 4010 1183 4098; x_wconf 89' lang='lat' dir='ltr'>quibus</span> <span class='ocrx_word' id='word_1_260' title='bbox 1206 4013 1259 4079; x_wconf 89' lang='lat' dir='ltr'>cui</span> <span class='ocrx_word' id='word_1_261' title='bbox 1281 4013 1405 4101; x_wconf 86' lang='lat' dir='ltr'>primae</span> <span class='ocrx_word' id='word_1_262' title='bbox 1420 4013 1477 4079; x_wconf 88' lang='lat' dir='ltr'>tri·</span> 
     </span>
     <span class='ocr_line' id='line_1_32' title="bbox 367 4116 1475 4200; baseline 0.002 -17"><span class='ocrx_word' id='word_1_263' title='bbox 367 4116 515 4183; x_wconf 90' lang='lat' dir='ltr'>buendae</span> <span class='ocrx_word' id='word_1_264' title='bbox 537 4116 612 4200; x_wconf 83' lang='lat' dir='ltr'>sint,</span> <span class='ocrx_word' id='word_1_265' title='bbox 636 4116 810 4184; x_wconf 85' lang='lat' dir='ltr'>admodum</span> <span class='ocrx_word' id='word_1_266' title='bbox 834 4117 965 4184; x_wconf 89' lang='lat' dir='ltr'>difficile</span> <span class='ocrx_word' id='word_1_267' title='bbox 982 4127 1031 4185; x_wconf 91' lang='lat' dir='ltr'>est</span> <span class='ocrx_word' id='word_1_268' title='bbox 1046 4119 1198 4186; x_wconf 87' lang='lat' dir='ltr'>iudicatu.</span> <span class='ocrx_word' id='word_1_269' title='bbox 1242 4119 1475 4186; x_wconf 84' lang='lat' dir='ltr'>Emendatissi-</span> 
     </span>
     <span class='ocr_line' id='line_1_33' title="bbox 368 4223 1476 4312; baseline 0.005 -25"><span class='ocrx_word' id='word_1_270' title='bbox 368 4245 438 4288; x_wconf 89' lang='lat' dir='ltr'>mus</span> <span class='ocrx_word' id='word_1_271' title='bbox 462 4232 550 4288; x_wconf 87' lang='lat' dir='ltr'>carte</span> <span class='ocrx_word' id='word_1_272' title='bbox 574 4231 623 4289; x_wconf 91' lang='lat' dir='ltr'>est</span> <span class='ocrx_word' id='word_1_273' title='bbox 644 4223 684 4307; x_wconf 80' lang='lat' dir='ltr'>F,</span> <span class='ocrx_word' id='word_1_274' title='bbox 707 4223 762 4310; x_wconf 89' lang='lat' dir='ltr'>qui</span> <span class='ocrx_word' id='word_1_275' title='bbox 785 4223 953 4312; x_wconf 91' lang='lat' dir='ltr'>permultis</span> <span class='ocrx_word' id='word_1_276' title='bbox 969 4223 1050 4290; x_wconf 91' lang='lat' dir='ltr'>locis</span> <span class='ocrx_word' id='word_1_277' title='bbox 1066 4223 1267 4292; x_wconf 89' lang='lat' dir='ltr'>tolerabilem</span> <span class='ocrx_word' id='word_1_278' title='bbox 1282 4224 1476 4312; x_wconf 87' lang='lat' dir='ltr'>scripturam</span> 
     </span>
     <span class='ocr_line' id='line_1_34' title="bbox 368 4328 1476 4420; baseline 0.004 -24"><span class='ocrx_word' id='word_1_279' title='bbox 368 4331 537 4417; x_wconf 87' lang='lat' dir='ltr'>praebeat,</span> <span class='ocrx_word' id='word_1_280' title='bbox 566 4329 623 4396; x_wconf 91' lang='lat' dir='ltr'>ubi</span> <span class='ocrx_word' id='word_1_281' title='bbox 653 4340 837 4419; x_wconf 88' lang='lat' dir='ltr'>corruptam</span> <span class='ocrx_word' id='word_1_282' title='bbox 864 4330 1005 4397; x_wconf 87' lang='lat' dir='ltr'>habeant</span> <span class='ocrx_word' id='word_1_283' title='bbox 1033 4329 1065 4418; x_wconf 30' lang='lat' dir='ltr'>B„</span> <span class='ocrx_word' id='word_1_284' title='bbox 1094 4341 1126 4396; x_wconf 90' lang='lat' dir='ltr'>et</span> <span class='ocrx_word' id='word_1_285' title='bbox 1150 4328 1193 4415; x_wconf 79' lang='lat'>03</span> <span class='ocrx_word' id='word_1_286' title='bbox 1222 4330 1278 4396; x_wconf 91' lang='lat' dir='ltr'>sed</span> <span class='ocrx_word' id='word_1_287' title='bbox 1300 4331 1382 4397; x_wconf 82' lang='lat' dir='ltr'>haec</span> <span class='ocrx_word' id='word_1_288' title='bbox 1405 4331 1476 4420; x_wconf 87' lang='lat' dir='ltr'>ipsa</span> 
     </span>
     <span class='ocr_line' id='line_1_35' title="bbox 369 4424 1475 4526; baseline 0.004 -25"><span class='ocrx_word' id='word_1_289' title='bbox 369 4436 495 4524; x_wconf 88' lang='lat' dir='ltr'>saepius</span> <span class='ocrx_word' id='word_1_290' title='bbox 519 4458 537 4501; x_wconf 95' lang='lat' dir='ltr'>e</span> <span class='ocrx_word' id='word_1_291' title='bbox 561 4424 746 4504; x_wconf 81' lang='lat' dir='ltr'>coniectura</span> <span class='ocrx_word' id='word_1_292' title='bbox 769 4435 856 4502; x_wconf 91' lang='lat' dir='ltr'>docti</span> <span class='ocrx_word' id='word_1_293' title='bbox 878 4435 1014 4503; x_wconf 90' lang='lat' dir='ltr'>alicuius</span> <span class='ocrx_word' id='word_1_294' title='bbox 1032 4436 1157 4504; x_wconf 89' lang='lat' dir='ltr'>librarii</span> <span class='ocrx_word' id='word_1_295' title='bbox 1172 4459 1270 4524; x_wconf 92' lang='lat' dir='ltr'>quam</span> <span class='ocrx_word' id='word_1_296' title='bbox 1286 4460 1327 4503; x_wconf 89' lang='lat' dir='ltr'>ex</span> <span class='ocrx_word' id='word_1_297' title='bbox 1342 4437 1475 4526; x_wconf 89' lang='lat' dir='ltr'>antiquo</span> 
     </span>
     <span class='ocr_line' id='line_1_36' title="bbox 369 4541 1475 4638; baseline 0.005 -30"><span class='ocrx_word' id='word_1_298' title='bbox 369 4543 457 4609; x_wconf 86' lang='lat' dir='ltr'>fonte</span> <span class='ocrx_word' id='word_1_299' title='bbox 479 4545 626 4630; x_wconf 86' lang='lat' dir='ltr'>profecta</span> <span class='ocrx_word' id='word_1_300' title='bbox 649 4566 720 4610; x_wconf 87' lang='lat' dir='ltr'>esse</span> <span class='ocrx_word' id='word_1_301' title='bbox 742 4553 886 4633; x_wconf 87' lang='lat' dir='ltr'>apparet.</span> <span class='ocrx_word' id='word_1_302' title='bbox 931 4541 984 4610; x_wconf 89' lang='lat' dir='ltr'>Ac</span> <span class='ocrx_word' id='word_1_303' title='bbox 1007 4566 1048 4609; x_wconf 94' lang='lat' dir='ltr'>ne</span> <span class='ocrx_word' id='word_1_304' title='bbox 1063 4542 1143 4610; x_wconf 88' lang='lat' dir='ltr'>illud</span> <span class='ocrx_word' id='word_1_305' title='bbox 1159 4544 1289 4634; x_wconf 89' lang='lat' dir='ltr'>quidem</span> <span class='ocrx_word' id='word_1_306' title='bbox 1304 4569 1475 4638; x_wconf 82' lang='lat' dir='ltr'>argumen-</span> 
     </span>
    </p>
   </div>
   <div class='ocr_carea' id='block_1_3' title="bbox 0 0 1970 5742">
    <p class='ocr_par' dir='ltr' id='par_1_3' title="bbox 0 0 1970 5742">
     <span class='ocr_line' id='line_1_37' title="bbox 0 0 1970 5742; baseline 0 0"><span class='ocrx_word' id='word_1_307' title='bbox 0 0 1970 5742; x_wconf 95' lang='lat' dir='ltr'> </span> 
     </span>
    </p>
   </div>
  </div>
 </body>
</html>
