3925 5742
735 864 828 915 LIBER
848 862 1064 917 GEEPONICUS.
1402 870 1452 920 219

339 1017 462 1105 χωρίου
486 1015 603 1096 οὕτως·
626 1017 690 1097 δός
712 1015 796 1103 ὁμοῦ
817 1019 859 1084 τά
880 1018 930 1106 νχ’
952 1020 1010 1086 καὶ
1032 1019 1074 1085 τά
1095 1020 1156 1086 νδ’·
1179 1019 1325 1106 γίνονται
1348 1020 1453 1103 πόδες

341 1122 408 1207 ρξ’·
436 1129 540 1188 ταῦτα
561 1117 657 1187 ποίει
679 1120 740 1189 έπὶ
761 1122 804 1188 τά
827 1121 1061 1208 χ’...λοιπδν
1082 1119 1228 1208 γίνονται
1249 1121 1354 1203 πόδες
1373 1124 1451 1214 τιη’·

343 1221 439 1291 ἔσται
469 1217 526 1289 οὖν
552 1219 572 1309 η’
595 1223 653 1288 τοῦ
674 1221 837 1310 προτέρου
860 1223 987 1306 πλευρά
1009 1223 1124 1312 ποδῶν
1144 1222 1229 1313 τιη’·
1255 1220 1274 1310 ἦ
1300 1223 1336 1290 δέ
1356 1220 1452 1310 ἑτέρα

342 1326 469 1413 πλευρά
497 1325 611 1391 ποδῶν
633 1324 679 1409 χ’·
709 1325 751 1391 τά
781 1323 912 1411 έμβαδδ
937 1326 997 1391 τοῦ
1027 1320 1098 1403 ἓνδς
1119 1318 1265 1410 γίνονται
1285 1325 1373 1411 τμδ’,
1394 1327 1452 1395 καὶ

304 1446 320 1494 5
342 1435 403 1494 τοῦ
425 1423 525 1494 άλλου
548 1424 653 1505 πόδες
672 1425 817 1513 ,βωξβ’.’

426 1525 544 1614 Εὑρεῖν
564 1526 684 1617 χωρίον
704 1525 824 1616 χωρίου
846 1536 887 1619 τῇ
909 1527 1097 1616 περιμέτρῳ
1120 1523 1204 1610 ἴσον,
1226 1528 1266 1594 τό
1280 1527 1327 1596 ’δι’
1346 1527 1452 1616 ἔμβα·
1467 1539 1508 1602 79

342 1632 399 1699 δδν
419 1630 677 1722 τετραπλάσιον·
698 1630 741 1697 τά
764 1628 800 1696 δ’
821 1630 959 1715 κόβισον
978 1625 1034 1719 ἐφ’
1050 1626 1165 1695 ἑαυτά·
1189 1627 1334 1715 γίνονται
1349 1632 1453 1713 πόδες

341 1733 410 1816 ξδ’·
435 1727 515 1820 άρον
535 1732 665 1818 μονάδα
688 1732 737 1799 α’·
765 1733 887 1799 λοιπόν
909 1731 1053 1818 γίνονται
1077 1730 1180 1811 πόδες
1201 1731 1265 1817 ξχ’·
1293 1734 1451 1802 τοσούτω

340 1835 463 1925 ἑκάστη
485 1842 552 1903 τῶν
574 1833 779 1924 περιμέτρων
792 1835 858 1900 τῶν
873 1833 933 1901 δάο
948 1831 1170 1922 παραλλήλων
1184 1835 1339 1924 πλευρῶν.
1374 1837 1452 1902 δια-
1469 1861 1482 1900 ι

290 1952 321 2002 10
343 1940 472 2004 στεῖλαι
495 1929 551 2003 οδν
571 1936 632 2014 τάς
652 1935 811 2023 πλευράς·
834 1938 926 2004 ποιῶ
948 1933 1065 2016 οὕτως·
1089 1941 1151 2015 θές
1172 1936 1214 2002 τά
1229 1935 1273 2001 δ’·
1297 1929 1376 2025 άρον
1389 1963 1451 2023 μο-
1522 1946 1539 1979 ’

340 2038 426 2105 νάδα
452 2036 546 2122 μίαν·
576 2037 698 2104 λοιπὸν
724 2038 774 2124 χ’·
803 2036 823 2127 ἡ
851 2037 914 2123 μία
944 2033 1001 2105 οὖν
1023 2039 1149 2124 πλευρά
1171 2039 1285 2105 ποδῶν
1307 2039 1347 2125 y'·
1370 2037 1391 2130 ἦ
1416 2040 1452 2107 δὲ

342 2137 438 2227 ἑτέρα
465 2140 592 2228 πλευρὰ
621 2137 738 2215 οὕτως·
765 2146 833 2206 τῶν
858 2138 909 2226 ἔχ’
932 2134 1013 2229 άρον
1032 2140 1075 2207 τά
1097 2139 1144 2226 χ’·
1172 2141 1294 2208 λοιπδν
1314 2143 1451 2226 μένουσι

341 2242 446 2322 πόδες
473 2242 518 2322 ξ’·
549 2242 609 2309 τοῦ
639 2241 676 2307 δέ
703 2236 813 2327 ἑτέρου
839 2240 961 2329 χωρίου
989 2240 1083 2308 ποίει
1112 2239 1228 2321 οὕτως·
1263 2244 1305 2309 τά
1332 2245 1367 2310 δ’
1394 2241 1451 2333 ἐφ’

341 2342 444 2412 ἑαυτά
473 2341 618 2430 χίνονται
647 2341 753 2420 πόδες
775 2342 838 2423 ις’·
866 2339 938 2410 άπδ
959 2343 1084 2410 τούτων
1105 2335 1185 2430 δρον
1205 2344 1335 2429 μονάδα
1356 2345 1450 2430 μίαν·

287 2464 319 2513 15
340 2446 463 2514 λοιπόν
485 2443 629 2532 γίνονται
651 2443 757 2523 πόδες
780 2443 832 2512 ιε’·
854 2445 1021 2512 τοσούτων
1041 2442 1134 2513 ἔσται
1154 2443 1174 2534 η’
1196 2443 1453 2537 πρῶτηπλευρά

342 2551 468 2633 [ποδῶν
491 2548 555 2631 ιε’].
589 2544 610 2637 ἦ
634 2546 671 2614 δέ
694 2544 789 2635 ἑτέρα
810 2548 938 2635 πλευρά
961 2546 1080 2626 οὕτως·
1103 2539 1237 2634 ἆροντδ
1254 2548 1296 2615 ιε’
1310 2551 1376 2616 τῶν
1390 2551 1450 2637 ξχ’·
1469 2541 1484 2617 εΙ
1512 2539 1517 2546 ’

340 2651 463 2718 λοιπόν
490 2648 635 2737 γίνονται
661 2649 735 2739 μα’·
764 2645 858 2716 ἔσται
880 2647 899 2738 ἡ
924 2645 1005 2738 δίλλη
1028 2651 1153 2732 πλευρὰ
1175 2652 1290 2718 ποδῶν
1310 2652 1384 2742 μα’·
1412 2653 1451 2720 τδ

342 2753 381 2822 δέ
403 2754 550 2840 δμβαδδν
570 2758 631 2820 ταῶ
652 2748 723 2832 ἑνὸς
745 2752 859 2818 ποδῶν
880 2751 955 2839 ψκ’,
979 2751 1037 2818 καὶ
1058 2754 1117 2819 τοῦ
1132 2748 1233 2819 άλλου
1249 2755 1366 2822 ποδῶν
1379 2754 1463 2842 ρπ”·4

416 2853 527 2923 Ἔστω
549 2853 770 2943 κολυμβήθρα
790 2852 847 2920 καί
868 2853 969 2935 ἐχέτω
989 2855 1029 2922 τδ
1042 2856 1149 2944 μῆκος
1162 2857 1277 2922 ποδῶν
1293 2854 1318 2922 ι’
1333 2881 1362 2924 κ.
1378 2882 1407 2924 τ.
1422 2858 1451 2924 λ.
1467 2857 1508 2921 80

284 2981 320 3033 20
343 2965 389 3041 (V.
406 2963 482 3025 Stet.
497 2963 534 3036 ΙΙ,
553 2963 614 3039 10).

417 3057 527 3128 ’Ἔστω
550 3057 653 3148 φρέαρ
675 3056 734 3125 καὶ
755 3055 856 3140 ἐχέτω
880 3056 1058 3145 διάμετρον
1079 3061 1195 3125 ποδῶν
1217 3057 1246 3125 ε’
1265 3083 1295 3124 κ.
1310 3084 1338 3126 τ.
1354 3061 1381 3127 λ.
1406 3065 1451 3139 (V.
1468 3070 1505 3133 81

341 3169 413 3231 ibid.
431 3169 493 3245 ιι).

417 3261 529 3332 Ἔστω
550 3265 662 3330 κοῦπα
682 3264 741 3328 καὶ
763 3258 862 3344 ἐχέτω
883 3261 942 3348 τὴν
963 3259 1054 3326 κάτω
1077 3261 1255 3350 διάμετρον
1277 3264 1392 3330 ποδῶν
1413 3263 1452 3347 ε’,
1468 3276 1508 3339 82

341 3369 402 3454 τήν
424 3365 461 3433 δέ
484 3360 552 3433 ἷίνω
575 3365 690 3431 ποδῶν
712 3362 755 3450 χ’,
776 3363 816 3429 τὸ
839 3361 878 3429 δέ
897 3360 987 3449 ὕψος
1008 3365 1123 3429 ποδῶν
1143 3363 1187 3453 η’·
1210 3364 1267 3431 καὶ
1282 3364 1382 3449 ἐχέτω
1395 3367 1454 3433 τόν
1490 3452 1492 3456 ι

285 3489 321 3539 25
344 3462 433 3536 οἶνον
454 3465 516 3548 ἕως
538 3467 653 3533 ποδῶν
674 3465 716 3546 ς’·
739 3463 833 3531 πόσα
856 3455 912 3530 οὖν
932 3463 1077 3551 κεράμια
1097 3464 1256 3554 χωρήσει,·
1283 3474 1374 3534 ποιῶ
1396 3467 1451 3553 οδε
1512 3480 1514 3485 “

341 3595 422 3649 τως·
451 3566 587 3658 άφαιρῶ
613 3567 655 3634 τά
677 3566 709 3652 γ’
732 3560 804 3632 άπδ
825 3567 891 3631 τῶν
913 3563 956 3630 ε’·
984 3566 1104 3632 λοιπόν
1124 3566 1174 3651 β’·
1203 3569 1309 3634 ταῦτα
1329 3568 1388 3637 ἐπὶ
1409 3590 1452 3637 τα

343 3671 377 3753 ς’
406 3669 551 3757 γίνονται
580 3669 645 3755 ιβ’·
671 3667 795 3735 τοότιυν
820 3668 860 3734 τδ
888 3666 930 3757 η’
952 3668 1097 3755 γίνονται
1119 3669 1153 3736 α’
1175 3676 1209 3736 t·
1236 3670 1293 3738 καί
1317 3667 1453 3761 άφαιρῶ

342 3775 402 3861 τήν
424 3772 459 3840 α’
483 3780 500 3839 t
524 3769 595 3840 άπὸ
615 3778 682 3838 τῶν
705 3770 745 3838 ε’·
765 3771 887 3838 λοιπόν
908 3769 940 3858 χ’
956 3778 989 3837 t·
1012 3767 1106 3839 ἔσται
1123 3766 1179 3840 οὖν
1192 3774 1231 3840 τδ
1247 3773 1376 3854 πλάτος
1390 3774 1453 3855 ἕως

345 3873 430 3944 ὅπου
454 3873 472 3942 δ
494 3868 582 3953 οἶνος
604 3870 758 3959 άνέβαινε
779 3873 895 3940 ποδῶν
916 3873 947 3959 χ’
970 3879 998 3939 C.
1042 3873 1100 3941 καί
1122 3877 1213 3941 ποιῶ
1233 3876 1276 3942 τδ
1297 3876 1331 3962 χ’
1354 3883 1371 3943 t
1394 3877 1483 3946 καὶι

286 4000 321 4050 3ο
345 3978 389 4044 τά
411 3975 449 4044 ε’·
472 3975 507 4066 η’
530 3984 547 4043 t
571 3973 714 4063 γίνονται
736 3974 855 4054 πόδες·
878 3966 923 4041 ῶν
945 3981 962 4041 t
986 3972 1112 4061 γίνεται
1135 3976 1166 4042 δ’
1187 3975 1244 4043 δ”·
1271 3978 1454 4045 καὶταῦτα

343 4075 399 4168 ἐφ’
423 4075 524 4146 ἑαυτά
546 4074 692 4164 χίνονται
714 4077 819 4156 πόδες
842 4077 889 4166 ιη’
914 4074 978 4158 ις’·
1001 4079 1104 4142 ταῦτα
1123 4073 1295 4159 ἕνδεκάκις
1309 4078 1453 4166 γίνονται
1484 4095 1488 4129 ῑ

343 4180 423 4270 ρςνχ’
446 4186 463 4246 t
485 4179 528 4267 η’
552 4177 623 4259 ις’·
651 4179 775 4245 τούτων
800 4176 923 4265 μερίζω
944 4179 984 4245 τὸ
1007 4177 1079 4245 ιδ’·
1109 4176 1254 4264 γίνονται
1277 4180 1382 4260 πόδες
1404 4180 1453 4248 ιδ’

345 4282 384 4364 ζ’
407 4281 469 4372 κη’
490 4279 570 4371 ριβ”
592 4280 689 4348 σκδ”·
717 4282 822 4347 ταῦτα
849 4288 942 4349 ποιῶ
967 4281 1026 4349 ἐπὶ
1049 4281 1087 4348 τδ
1110 4278 1212 4371 ὕψος,
1241 4279 1301 4349 ἐπὶ
1322 4283 1399 4361 τοδς
1420 4282 1468 4364 ς’.

412 4521 438 4576 2.
455 4519 556 4592 μαψ
569 4520 691 4573 mullo
701 4520 884 4572 interciderunt
952 4516 1210 4571 ³.15.17.1mo
1278 4518 1322 4570 23.
1333 4520 1453 4586 capum

343 4605 427 4656 similo
439 4605 537 4672 quiden
546 4610 588 4656 Μ
597 4602 665 4654 Sum
675 4600 706 4665 ΙΙ,
717 4601 761 4665 123
775 4601 818 4651 sod
832 4608 914 4652 tanen
927 4602 965 4652 iu
975 4600 1061 4652 differt
1071 4599 1197 4666 mptum
1210 4600 1235 4650 in
1245 4599 1315 4665 &a
1323 4601 1365 4652 hh
1371 4601 1456 4667 ησύ

342 4686 461 4739 debuerit
528 4688 571 4738 λλ.
588 4682 645 4754 ἒφὰ
657 4698 714 4736 m
725 4691 784 4736 nou
797 4698 876 4750 mp.
890 4682 914 4735 G
981 4678 1136 4746 ἑνδινάνιςλ·
1146 4680 1209 4734 ῶίὶ
