3925 5742
529 846 561 896 60
1010 841 1154 896 HERONIS

528 995 591 1067 ίττί
610 996 654 1064 τοὶ
676 995 704 1064 ι’
724 994 766 1083 γ”
789 995 856 1064 ιε’·
879 993 1028 1082 γίνονται
1049 996 1109 1063 καί
1131 991 1235 1077 ούτως
1256 994 1309 1083 ξβ’
1332 992 1373 1083 γ”
1396 992 1463 1063 ιε’·
1485 997 1543 1062 καὶ
1566 991 1640 1064 ἐστι

529 1100 569 1170 τύ
601 1098 748 1186 ἐμβαδὸν
774 1100 834 1166 τού
862 1094 962 1166 αὐτοῦ
991 1093 1188 1187 ἰσοπλεύρου
1215 1098 1374 1188 τριγώνου
1401 1096 1556 1182 σχοινίσιν
1580 1121 1640 1167 το-

529 1201 668 1271 σούτων·
697 1193 743 1268 τίν
769 1201 809 1269 τὸ
836 1196 939 1290 ἥμισυ
966 1197 1094 1287 γίνεται
1114 1198 1168 1268 λα’
1191 1199 1235 1285 ε’,
1257 1202 1316 1269 καί
1337 1196 1411 1268 ἔστι
1432 1200 1492 1290 γῆς
1512 1198 1639 1287 μοδίων

528 1302 583 1372 λα’
603 1302 662 1372 καί
682 1304 802 1390 λιτρῶν
824 1299 918 1370 ὀκτιύ.

475 1416 513 1476 17
604 1403 739 1494 Ἕτερον
769 1401 926 1494 τρίγωνον
959 1399 1170 1495 ἰσόπλευρον,
1204 1397 1243 1473 οὗ
1273 1403 1394 1496 ἑκάστη
1420 1405 1551 1496 πλευραὶ
1574 1402 1672 1472 ύνὰε

528 1505 681 1593 σχοινίων
702 1506 742 1575 λ’.
787 1504 889 1597 εύρεῖν
911 1502 1013 1591 αύτούΙ
1033 1507 1073 1575 τὸ
1094 1506 1254 1593 έμβαδύν·
1283 1507 1379 1577 ττοίει
1401 1506 1520 1588 ούτως·
1541 1506 1584 1575 τὰ
1605 1504 1640 1573 λ’

528 1609 586 1702 ἔφ’
613 1608 715 1679 ἑαυτὰ
743 1607 891 1698 γίνονται
916 1608 979 1676 λε’·
1008 1600 1054 1677 ὦν
1074 1609 1114 1677 τὸ
1134 1607 1174 1697 γ’
1195 1609 1255 1678 καί
1274 1611 1313 1679 τύ
1337 1609 1375 1679 ι”
1397 1607 1545 1699 γίνονται
1564 1609 1637 1698 vq'·

529 1712 695 1783 τοσούτων
716 1708 812 1781 ἔσται
833 1711 987 1795 σχοινίων
1007 1712 1047 1779 τὸ
1069 1709 1227 1798 έμβαδύν.

492 1848 505 1887 ι
615 1813 689 1882 Ἐοίν
711 1813 748 1883 ὀί
769 1812 871 1905 θέλῃς
891 1813 949 1881 καί
971 1809 1079 1893 ίίλλως
1099 1810 1203 1902 εύρεῖν
1222 1813 1262 1881 τό
1283 1811 1442 1900 έμβαύύν,
1468 1813 1553 1902 λοίβε
1572 1822 1640 1884 τείν

529 1917 562 1986 λ’
588 1918 628 1986 τὸ
655 1916 697 2006 γ”
723 1919 782 1984 καί
809 1916 849 1984 τὰ
873 1915 922 1984 ι”·
944 1914 1092 2004 γίνονται
1115 1915 1173 2003 ιγ’·
1195 1914 1300 1983 ταῦτα
1320 1915 1382 1984 έττί
1405 1916 1473 2006 [τήν
1493 1917 1639 2008 πλευρὰν
1659 1934 1688 1986 10

528 2015 637 2109 ἤγουν]
654 2020 695 2088 τοί
709 2019 738 2087 λ’
752 2018 899 2108 γίνονται
908 2018 970 2104 τίῖ·
987 2016 1152 2099 τοσούτων
1164 2013 1259 2087 ἔσται
1271 2016 1474 2102 σχοινίωντὸ
1483 2018 1640 2107 έμβαύύν.

489 2159 503 2200 2
540 2181 544 2188 .
612 2118 689 2190 Ἐὰν
710 2122 748 2192 δέ
767 2122 874 2213 θέλῃς
895 2124 954 2191 καί
975 2118 1083 2202 ι’ίλλως
1104 2119 1208 2209 εὑρεῖν
1227 2122 1267 2190 τὸ
1287 2109 1444 2208 ἕμβαύύν,
1465 2121 1508 2190 τὰ
1528 2121 1562 2190 λ’
1580 2119 1639 2214 ἐφ’

529 2222 631 2294 ἑαυτὰ
656 2223 803 2314 γίνονται
825 2224 889 2291 W·
916 2226 1021 2293 ταῦτα
1047 2223 1324 2293 πολυπλασίοσον
1350 2220 1411 2292 ἐπὶ
1430 2225 1473 2292 τοὶ
1496 2223 1558 2313 ιγ’·
1585 2224 1640 2314 γί·

528 2353 640 2397 νονται
662 2327 793 2417 ἄμφ’·
816 2319 861 2394 ὧν
881 2327 921 2396 τὸ
942 2325 985 2394 λ’
1006 2324 1132 2415 γίνεται
1153 2324 1224 2414 τς’·
1245 2325 1413 2395 τοσούτων
1432 2325 1530 2397 ἔσται
1544 2348 1641 2414 σχοι-

530 2429 608 2501 νίων
628 2433 669 2500 τύ
691 2431 849 2519 έμβαδύν.
1293 2491 1295 2497 .
1660 2450 1690 2500 15

489 2563 503 2603 ι
611 2531 689 2601 Ἐὰν
710 2532 750 2601 δέ
770 2533 874 2624 θέλῃς
893 2532 1053 2625 τριγώνου
1075 2530 1277 2622 ἰσοπλεύρου
1298 2533 1358 2623 τὴν
1375 2533 1522 2602 κάθετον
1534 2529 1641 2623 εύρεῖν

528 2674 572 2688 -
593 2631 667 2704 ἔστι
689 2634 727 2703 δὲ
748 2632 870 2725 ἑκάστη
893 2636 1021 2726 πλευρὰ
1042 2633 1103 2704 ἀνὰ
1124 2634 1278 2720 σχοινίων
1299 2633 1333 2701 λ’
1345 2673 1388 2686 -
1401 2635 1498 2704 ποίει
1520 2633 1640 2718 οὕτως·

529 2739 589 2828 τήν
612 2738 693 2824 μίαν
707 2739 859 2827 πλευρὰν
880 2735 936 2828 ἐφ’
959 2735 1076 2828 ἑαυτὴν
1089 2736 1238 2826 γίνονται
1252 2737 1314 2804 λύ’·
1336 2729 1381 2804 ὧν
1401 2737 1442 2805 τὰ
1458 2736 1499 2806 δ”
1513 2737 1641 2826 γίνεται

530 2839 615 2909 σκε’·
645 2841 755 2908 λοιποὶ
780 2840 864 2924 χοε’·
892 2832 938 2907 ὧν
963 2843 1091 2931 πλευραί
1117 2841 1318 2933 τετράγωνος
1344 2838 1470 2927 γίνεται
1491 2839 1561 2922 κς’·
1583 2864 1641 2910 το·

530 2936 655 3012 σούτων
677 2939 774 3010 ἔσται
795 2941 949 3027 σχοινίων
970 2939 991 3032 ἦ
1013 2945 1166 3024 κάθετος.
1661 2963 1693 3014 20

489 3085 503 3126 ς
612 3043 738 3124 ’Ἄλλως
759 3040 808 3124 είς
828 3046 936 3113 τοῦτο.
978 3045 1138 3134 λαμβάνω
1160 3047 1218 3136 τῆς
1238 3043 1369 3132 βύσεως
1388 3045 1429 3112 τὸ
1449 3041 1566 3134 ἥμισυ·
1589 3042 1641 3133 γί-
1673 3041 1675 3045 ’

529 3172 622 3216 νεται
649 3145 707 3215 ιε’·
735 3147 841 3216 ταῦτα
869 3147 1134 3231 ττολοιτλασιύζω
1160 3144 1216 3238 ἐφ’
1246 3145 1359 3216 ἑαυτοί·
1386 3145 1534 3234 γίνονται
1554 3146 1641 3216 σκε’·

530 3249 652 3318 καὶτὰ
674 3248 707 3317 λ’
728 3249 789 3317 τού
810 3247 946 3330 σκέλους
966 3245 1024 3340 ἐφ’
1047 3247 1149 3319 ἑαυτὰ
1170 3248 1317 3338 γίνονται
1339 3247 1401 3316 λύ’·
1425 3245 1496 3316 dm)
1516 3248 1642 3318 τούτων

529 3349 663 3443 ύφαιρῶ
691 3351 735 3418 τοὶ
761 3351 846 3420 σκε’·
879 3353 985 3420 λοιπὰ
1010 3351 1095 3436 χκε’·
1123 3345 1169 3420 ὦν
1196 3353 1323 3442 πλευρὰ
1347 3353 1569 3442 τετραγωνικῆ
1596 3350 1642 3434 τίς

530 3454 683 3541 σύνεγγυς
710 3452 835 3541 γίνεται
861 3453 932 3537 κς’·
959 3451 1055 3524 ἔσται
1083 3447 1139 3523 ούν
1164 3451 1185 3545 ἦ
1211 3454 1354 3535 κάθετος
1375 3453 1531 3539 σχοινίων
1552 3452 1640 3526 είκο·
1660 3477 1693 3528 25

530 3555 617 3637 σιέξ·
649 3556 754 3623 ταῦτα
786 3556 1047 3638 πολυπλασιυίζω
1077 3556 1138 3626 ε’ττί
1164 3557 1222 3647 τὴν
1247 3556 1359 3644 βάσιν,
1384 3556 1555 3625 τουτέστιν
1581 3556 1642 3626 ἐπὶ

529 3659 573 3728 τοί
599 3656 647 3727 λ’·
673 3653 821 3745 γίνονται
846 3657 930 3748 ψτύ·
958 3651 1004 3726 ὧν
1028 3660 1067 3728 τὸ
1095 3656 1199 3749 ἥμισυ
1222 3656 1347 3744 γίνεται
1369 3656 1438 3742 vq'·
1464 3658 1525 3727 καί
1548 3658 1643 3744 μέτει

531 3757 633 3830 αύτού
658 3761 699 3828 τύ
731 3752 878 3847 ἐμβαδὸν
904 3759 1060 3852 σχοινίων
1090 3760 1159 3846 ις’·
1191 3758 1315 3829 τούτων
1341 3759 1445 3828 ιτύλιν
1470 3761 1512 3829 τὰ
1537 3757 1641 3851 ἥμισυ

531 3861 659 3952 γίνεται
686 3862 776 3950 ρξε’·
791 3863 862 3931 ’καί
884 3862 958 3933 ἔστι
979 3869 1040 3954 γῆς
1059 3862 1186 3950 μοδίων
1207 3859 1323 3947 ἑκατὸν
1345 3861 1642 3954 ἐνενηκονταττέντε

568 4093 632 4144 ’5.
650 4092 707 4147 τῶν
721 4088 888 4160 ττλευρῶνΙ)
979 4089 1004 4142 6.
1023 4089 1179 4156 ποίησονῦ
1265 4088 1313 4156 τῆς
1323 4089 1392 4160 μιᾶς
1403 4087 1526 4161 πλευρᾶς
1536 4099 1597 4158 post
1607 4087 1640 4144 τί

530 4170 558 4228 λ’
572 4174 664 4228 adm)
738 4174 763 4226 7.
780 4167 812 4225 τὸ
824 4179 882 4224 τοτε
895 4165 926 4221 ι”
941 4180 967 4223 ει
986 4171 1010 4224 8.
1029 4168 1145 4223 ἔσταιτι
1162 4171 1186 4223 9.
1198 4167 1230 4224 θλ
1243 4171 1327 4224 om.D
1397 4170 1437 4222 1⁰.
1455 4166 1641 4244 τὴνπλευρίτν

530 4250 715 4327 §rourum
785 4252 825 4306 12.
846 4249 972 4304 ‹nond›
1042 4249 1073 4303 τὸ
1086 4249 1211 4323 ἐμβαδὸν
1224 4249 1348 4321 εύρεῖνΒ
1418 4251 1459 4305 13.
1476 4254 1588 4322 γίνεται
1599 4246 1640 4314 W

531 4340 554 4392 D
637 4338 874 4392 πολυπλασίασον
890 4335 977 4387 om.D
1070 4337 1109 4388 14.
1127 4341 1235 4406 γίνεται
1251 4339 1337 4390 om.D
1424 4338 1464 4389 15.
1483 4345 1544 4404 post
1558 4334 1641 4406 ἐμβο-

533 4416 585 4474 δόν
600 4421 676 4473 habet
692 4421 724 4472 D:
738 4412 799 4472 ’Ἐτι
815 4417 911 4471 δὲκαὶ
927 4410 1015 4476 ἄλλως
1031 4413 1121 4493 εὑρεῖν
1137 4414 1168 4470 τὸ
1185 4417 1323 4489 ἐμβαλόν·
1340 4414 1407 4487 λάβε
1422 4416 1457 4470 τὰ
1473 4413 1498 4469 λ’
1516 4416 1641 4516 τῆςρωᾶς

532 4503 655 4573 πλευροῖς
665 4500 713 4555 καὶ
723 4500 958 4554 πολυπλασίασον
969 4496 1019 4550 ἐπὶ
1029 4494 1063 4551 τὰ
1074 4496 1121 4560 κς’
1133 4500 1182 4566 τῆς
1192 4501 1327 4554 καθέτου·
1341 4504 1469 4570 γίνονται
1481 4494 1548 4567 σοι’·
1561 4514 1601 4553 ων
1608 4496 1638 4551 τί

531 4576 621 4653 ἥγνισα
629 4584 758 4653 γίνονται
769 4575 833 4664 tq'·
846 4575 988 4634 τοσούτων
999 4577 1078 4633 ἔσται
1091 4585 1225 4650 σχοινίων
1237 4578 1269 4635 τὸ
1282 4578 1415 4654 ἔμβαύόν.
1476 4580 1519 4633 16.
1535 4575 1639 4634 'Mi

531 4673 617 4745 θέλῃς
626 4668 763 4745 τριγύνοο
773 4685 853 4738 ωριτε
865 4671 951 4724 ε129.
964 4670 1220 4738 ἔνενηκονταπέντε]
1233 4690 1279 4741 pro
1291 4674 1330 4726 his
1341 4671 1458 4726 habeto:
1472 4667 1541 4728 Ἐὰν
1552 4667 1587 4725 δὲ
1596 4669 1641 4725 θί-
