3925 5742
503 827 553 878 218
987 825 1130 877 unnoms

502 1005 580 1060 τως·
607 971 647 1070 ἧς
671 977 793 1069 ἑκάστη
820 981 886 1045 τῶν
912 979 1061 1063 πλευρῶν
1086 979 1145 1068 τῆς
1165 978 1296 1064 βάσεως
1319 976 1391 1048 άπὸ
1412 981 1528 1049 ποδῶν
1548 981 1612 1062 κδ’,

502 1082 561 1149 καί
584 1085 624 1149 τδ
651 1078 754 1164 κλίμα
779 1082 839 1168 τῆς
865 1077 1053 1166 πυραμίδος
1079 1081 1195 1148 ποδῶν
1219 1081 1280 1170 ιη’·
1306 1078 1409 1166 εὑρεῖν
1431 1078 1534 1170 αὑτῆς
1554 1083 1614 1173 την

502 1183 646 1251 κάθετον
672 1181 730 1250 καί
755 1183 794 1249 τδ
820 1181 965 1269 στερεόν·
992 1189 1084 1250 ποιῶ
1110 1180 1227 1261 οὑτως·
1254 1182 1298 1248 τὰ
1322 1182 1379 1249 κδ’
1400 1189 1461 1265 τῆς
1482 1182 1614 1269 βάσεως

501 1282 557 1375 ἐφ’
584 1283 687 1353 ἑαυτά
719 1281 864 1370 γίνονται
891 1283 997 1364 πόδες
1023 1283 1117 1373 ῳος’·
1150 1274 1197 1350 ῶν
1222 1285 1304 1352 τδί
1333 1281 1481 1371 γίνονται
1508 1284 1614 1366 πόδες

502 1387 599 1477 σπη’·
626 1387 751 1456 καὶτὰ
779 1385 827 1475 ιη’
848 1388 906 1454 τοῦ
933 1383 1092 1472 κλίματος
1118 1392 1211 1452 ποιῶ
1237 1382 1295 1476 ἐφ’
1317 1382 1434 1454 ἑαυτά·
1464 1385 1648 1474 γίνονταιε

502 1489 609 1569 πόδες
629 1488 715 1556 τκδ’·
737 1484 813 1577 δι’ρτι
835 1486 970 1578 ὑφαιρῶ
992 1485 1064 1557 άπὸ
1083 1487 1206 1556 τούτων
1226 1490 1269 1555 τά
1290 1487 1382 1579 σπη’·
1408 1490 1532 1557 λοιπόν
1552 1489 1614 1576 με’-

501 1614 596 1659 νουσι
618 1589 724 1670 πόδες
744 1588 806 1671 λς’·
834 1582 880 1657 ῶν
902 1591 1029 1676 πλευρὰ
1049 1591 1279 1680 τετραγωνικη
1291 1591 1418 1677 γίνεται
1439 1590 1547 1672 πόδες
1568 1591 1613 1674 ς’·

471 1694 661 1762 ττοσσάιου
688 1688 781 1760 ἔσται
809 1688 829 1781 ἦ
857 1690 1004 1771 κάθετος
1028 1699 1088 1781 τῆς
1115 1690 1313 1780 πυραμίδος.
1361 1691 1480 1784 ἐπειδη
1508 1687 1565 1762 οὑν
1592 1690 1612 1784 ἡ

500 1796 647 1875 κάθετος
667 1795 783 1861 ποδῶν
804 1793 846 1875 ς’,
868 1791 1011 1883 εὕρωμεν
1030 1795 1070 1861 τδ
1092 1794 1238 1883 στερεόν·
1262 1796 1354 1862 ποιῶ
1375 1792 1494 1877 οὑτως·
1515 1798 1555 1865 τδ
1571 1796 1612 1884 γ’

498 1900 558 1988 τῆς
582 1896 728 1964 καθέτου
755 1893 902 1982 γίνονται
928 1895 1034 1974 πόδες
1054 1895 1103 1982 β’·
1133 1898 1238 1964 ταδτα
1260 1899 1352 1963 ποιῶ
1373 1894 1433 1966 ἐπὶ
1453 1899 1497 1965 τά
1519 1899 1611 1990 φας’·
1632 1917 1663 1966 10

500 1998 645 2087 γίνονται
672 1998 790 2086 ,αρνβ’·
817 1994 977 2064 τοσοότου
1004 1995 1078 2064 ἐστὶ
1106 1999 1146 2065 τό
1173 1998 1305 2088 στερεόν
1332 2000 1392 2087 τῆς
1411 1998 1610 2088 πυραμίδος.

502 2104 629 2187 [ποδῶν
649 2101 776 2189 ,αρνβ’.]

432 2220 485 2280 ,75
585 2203 800 2290 Πεντάγωνον
821 2201 1025 2293 μετρήσομεν
1047 2201 1164 2284 οὑτως,
1195 2194 1234 2270 αὑ
1255 2201 1377 2294 ἑκάστη
1399 2207 1527 2292 πλευρά
1549 2232 1611 2274 πο-

500 2309 566 2374 δῶν
587 2306 629 2373 ι’·
660 2301 765 2395 εὑρεῖν
791 2302 894 2373 αὑτοῦ
919 2306 959 2372 τδ
985 2304 1145 2392 ἐμβαδόν·
1173 2306 1266 2372 ποιῶ
1289 2303 1406 2387 οὑτως·
1436 2309 1479 2374 τά
1502 2308 1531 2375 ι’
1553 2305 1611 2397 ἐφ’

499 2405 600 2477 ἓαυτοὶ
627 2405 774 2494 γίνονται
801 2406 848 2495 ρ’·
875 2409 980 2474 ταῦτα
1003 2414 1095 2475 ποιῶ
1118 2405 1289 2486 πεντάκις·
1317 2406 1462 2494 γίνονται
1484 2410 1538 2499 φ’·
1566 2403 1613 2479 ῶν
1632 2424 1659 2473 15

433 2598 435 2601 Ι
468 2509 539 2598 ιγ’
561 2508 706 2597 γίνονται
728 2507 798 2596 ρξς’
820 2508 878 2595 β’·
905 2506 1000 2578 ἒίεται
1025 2510 1065 2579 τδ
1087 2509 1232 2594 ἐμβαδὸν
1252 2508 1326 2598 ρξς’
1347 2509 1400 2595 β’.
1443 2509 1549 2602 εὑρεῖν
1572 2512 1611 2580 δὲ

499 2612 630 2679 καὶτοῦ
644 2611 933 2698 περιγραφομένου
947 2611 1067 2681 κύκλου
1082 2612 1142 2702 την
1157 2609 1348 2698 διάμετρον·
1373 2608 1478 2696 [ἔσται
1494 2617 1612 2682 ποδῶν

501 2713 567 2796 ιζ’·]
591 2714 633 2779 τά
656 2713 683 2780 ι’
705 2715 763 2802 τῆς
784 2713 928 2800 πλευράς
948 2710 1229 2792 ὑπτακαιδεκάκις
1250 2711 1395 2800 γίνονται
1416 2715 1483 2805 ρο’·
1506 2717 1611 2784 ταῦτα

498 2813 620 2904 μερίζω
648 2813 711 2882 ἐπὶ
736 2813 786 2882 ι’·
813 2813 959 2901 γίνονται
986 2816 1046 2898 ιζ’·
1074 2813 1168 2884 ἔσται
1189 2812 1210 2906 ἦ
1235 2815 1412 2904 διάμετρος
1432 2807 1492 2885 τοῦ
1513 2843 1610 2904 περι-

499 2915 708 3007 γραφομένου
723 2916 842 2984 κόκλου
857 2919 972 2986 ποδῶν
988 2919 1044 3000 ιζ’.
1077 2918 1143 3002 [καί
1157 2915 1276 3005 ἑκάστη
1292 2919 1418 3005 πλευρά
1433 2921 1553 2988 ποδῶν
1564 2921 1610 3005 ι’.]
1630 2932 1659 2982 20

445 3027 486 3090 76
581 3015 761 3105 Ἐξάγωνον
783 3019 821 3086 δὲ
841 3018 1054 3108 μετρήσωμεν
1075 3016 1187 3102 οὑτως,
1210 3017 1268 3087 ἐάν
1289 3015 1346 3109 ἔχη
1360 3020 1419 3109 τὴν
1433 3022 1613 3110 διάμετρον

500 3125 619 3189 ποδῶν
639 3119 686 3202 ξ’·
713 3117 734 3211 ἦ
758 3119 796 3189 δὲ
818 3121 944 3207 πλευρά
966 3119 1039 3190 ἐστι
1061 3121 1177 3188 ποδῶν
1196 3118 1240 3186 λ’·
1262 3123 1353 3187 ποιῶ
1374 3120 1491 3203 οὑτως·
1513 3124 1558 3190 τά
1579 3125 1612 3191 λ’

500 3219 557 3313 ἐφ’
584 3221 686 3311 ἑαυτά
717 3221 864 3309 γίνονται
885 3221 950 3288 w‘·
977 3223 1083 3290 ταῦτα
1104 3223 1195 3290 ποιῶ
1216 3218 1343 3302 ἑξάκις·
1371 3221 1519 3308 γίνονται
1541 3227 1610 3313 ,ευ’·

499 3317 545 3391 ῶν
566 3323 607 3411 γ’
628 3325 686 3391 καὶ
710 3323 746 3391 ι”
767 3321 915 3411 γίνονται
935 3324 1035 3411 ,βτμ’·
1057 3323 1223 3392 τοσοότων
1243 3325 1358 3392 ποδῶν
1380 3321 1399 3392 ὑ
1419 3322 1592 3414 ἓξάγωνος.

444 3432 484 3492 77
581 3422 709 3504 ’Άλλως
739 3426 777 3493 δὲ
805 3424 918 3492 πάλιν.
966 3426 1027 3515 τήν
1059 3425 1202 3513 πλευράν
1233 3421 1291 3516 ἐφ’
1318 3422 1436 3516 ὑαντην
1463 3427 1610 3515 γίνονται
1629 3444 1659 3494 15

500 3529 560 3594 ω’·
580 3533 685 3594 ταῦτα
706 3525 959 3610 πολυπλασίαζε
979 3524 1040 3596 ἐπὶ
1060 3528 1103 3596 τὰ
1127 3527 1183 3615 ιγ’·
1207 3526 1352 3615 γίνονται
1373 3528 1480 3611 πόδες
1496 3533 1610 3623 ἄμφ’·

500 3625 576 3716 δ’ρτι
596 3625 719 3715 μερίζω
740 3629 779 3697 τδ
800 3627 850 3696 ε’·
878 3628 1023 3716 γίνονται
1048 3629 1152 3710 πόδες
1171 3628 1275 3716 ,βτμ’·
1304 3629 1471 3699 τοσούτων
1492 3638 1612 3702 ποδῶν

500 3726 597 3798 ἔσται
619 3730 658 3796 τδ
679 3729 853 3815 ἒμβαδόν.“

446 3834 486 3898 78
581 3828 699 3918 Εὑρεῖν
721 3827 781 3898 δίο
802 3830 908 3922 χωρία
928 3833 1124 3921 τετράγωνα,
1148 3831 1243 3915 ὅπως
1263 3834 1303 3902 τδ
1323 3836 1383 3902 τοῦ
1397 3833 1535 3923 πρῶτον
1550 3837 1610 3923 ίμ-

498 3933 605 4020 βαδδν
630 3935 691 4002 τοὺ
718 3933 873 4021 δευτέρου
895 3933 1041 4022 δμβαδοῦ
1068 3932 1163 4004 ἔσται
1189 3934 1407 4022 τριπλάσιον·
1435 3940 1531 4006 ποιῶ
1553 3937 1610 4007 οὑ·
1630 3955 1660 4005 31

498 4060 578 4116 τως·
603 4037 647 4102 τά
674 4035 706 4124 γ’
728 4035 881 4123 κόβισον·
911 4036 1058 4124 γίνονται
1079 4037 1145 4120 κζ’·
1174 4039 1280 4106 ταῶτα
1302 4039 1356 4118 δίς
1377 4037 1525 4125 γίνονται
1547 4041 1610 4111 νδ’·

498 4139 553 4206 νῦν
575 4131 655 4225 ἆρον
676 4138 806 4223 μονάδα
827 4138 870 4206 α’·
892 4141 1013 4208 λοιπὸν
1032 4139 1090 4227 νηά·
1114 4138 1210 4209 ἔσται
1227 4131 1283 4207 οὑν
1296 4136 1316 4229 ἦ
1331 4138 1391 4226 μὲν
1403 4140 1468 4227 μία
1481 4144 1611 4232 πλευρά

456 4297 458 4302 .
498 4242 613 4308 ποδῶν
639 4240 700 4322 νς’,
728 4238 749 4330 ἦ
777 4242 815 4309 δὲ
840 4239 934 4331 ἑτέρα
956 4242 1082 4332 πλευρά
1101 4244 1220 4310 ποδῶν
1240 4240 1303 4309 νδ’.
1347 4242 1405 4310 καί
1425 4246 1485 4312 τοῦ
1507 4240 1609 4314 άλλου

569 4396 779 4466 1.τῶν]άπδ(1
865 4401 890 4453 2.
908 4396 1018 4470 εὑρεῑῶ
1104 4402 1129 4454 9.
1147 4395 1299 4472 εὑρομενῶ
1384 4402 1425 4455 11.
1444 4400 1543 4456 ίατιῶ

501 4481 541 4534 11.
557 4478 595 4548 ῥ’
608 4483 624 4533 i.
636 4497 659 4533 e.
673 4480 815 4552 διμοίρου,
829 4483 900 4534 euius
910 4491 970 4535 nota
981 4484 1007 4534 in
1021 4483 1043 4537 G
1055 4484 1146 4552 ubique
1159 4484 1196 4535 εἰσ
1208 4498 1331 4550 expressa
1342 4487 1363 4534 e
1465 4484 1508 4536 18.
1521 4485 1608 4538 ἑπτα·

498 4556 736 4636 καιδενάκιῶῖῶ
822 4567 864 4619 ²6.
883 4567 987 4633 11]ᾶῦ
1074 4571 1116 4623 2⁷.
1134 4567 1282 4635 τὸ]τῶν(ἱ
1372 4569 1413 4622 18,
1431 4567 1542 4623 ίσιωῦ

498 4646 539 4699 32.
556 4643 679 4716 μονάδα]
691 4650 730 4719 μθ
745 4648 767 4701 G
837 4650 942 4704 ἔστωίῗι
