3925 5742
512 570 562 622 220
996 565 1140 618 mollis

511 721 635 804 πόδας·
668 720 813 811 γίνονται
848 717 906 788 πε’
935 717 974 801 ζ’
1000 717 1095 805 ριβ”·
1129 719 1274 786 τοσαῖτσ
1299 717 1444 806 κεράμια
1469 717 1624 808 χωρήσει.

515 824 582 909 [πει
606 823 646 907 ζα
668 822 767 914 eastre]

457 935 497 1000 83
585 923 699 995 ’Ἔστω
724 931 836 994 κοῖπα
862 924 920 992 καί
946 923 1048 1010 ἐχέτω
1074 923 1134 1014 τήν
1160 917 1226 990 δίνω
1254 920 1430 1012 διάμετρον
1452 922 1570 991 ποδῶν
1592 920 1625 1002 ς’

512 1057 542 1098 κ.
557 1056 586 1097 τ.
602 1031 631 1096 λ.
655 1034 700 1112 (V.
715 1034 790 1096 Ster.
806 1033 841 1107 ll,
861 1033 921 1110 13).

456 1137 498 1200 84
585 1128 697 1199 ’Ἔστω
724 1129 839 1216 βοότις
866 1128 925 1196 καί
951 1127 1052 1214 ἐχέτω
1080 1128 1140 1218 τήν
1161 1124 1228 1195 δίναν
1251 1126 1430 1216 διάμετρον
1452 1127 1569 1196 ποδῶν
1591 1126 1624 1210 ς’
1645 1144 1660 1192 5

513 1259 541 1300 κ.
557 1258 585 1301 τ.
602 1236 630 1300 λ.
653 1237 699 1317 (V.
714 1236 783 1298 ibid.
802 1237 864 1317 14).

457 1340 497 1403 85
598 1331 686 1402 Ἅπδ
709 1335 808 1414 σκιᾶς
830 1330 934 1421 εὖρεῖν
955 1332 1069 1414 κιόνος
1088 1332 1231 1421 μεγάλου
1253 1358 1282 1401 κ.
1297 1358 1326 1400 τ.
1342 1335 1370 1400 λ.
1394 1339 1440 1417 (V.
1455 1336 1529 1399 ibid.
1546 1335 1609 1413 31).

456 1439 497 1502 86
592 1433 629 1504 ‘0
651 1434 783 1525 ῥόμβος,
809 1427 847 1504 οὗ
869 1435 911 1502 τὰ
933 1434 1032 1526 σκέλη
1054 1431 1118 1503 ἀνά
1140 1437 1256 1505 ποδῶν
1279 1436 1336 1524 ιγ’,
1357 1435 1432 1527 ήδί
1448 1434 1625 1524 διαγώνιος

512 1539 628 1608 ποδῶν
656 1537 697 1606 ι’·
732 1536 836 1628 εὑρεῖν
864 1535 972 1605 αὐτοῦ
992 1539 1032 1606 τό
1061 1537 1222 1624 δμβαδόν·
1256 1538 1351 1609 ποίει
1380 1538 1499 1618 οὕτως·
1526 1534 1624 1628 ήχθω

440 1678 454 1703 ι
511 1639 658 1721 κάθετος
692 1641 913 1726 διατέμνουσα
944 1640 1005 1729 τήν
1038 1639 1229 1726 διαγαίνιον·
1262 1640 1282 1732 ή
1317 1641 1354 1709 δὲ
1382 1639 1528 1724 ἀχθεῖσα
1556 1636 1625 1724 ἔχει
1645 1654 1673 1704 10

512 1743 625 1824 πόδας
656 1743 722 1820 κδ’,
755 1743 814 1810 καί
846 1740 1000 1829 γεγόνασι
1029 1740 1261 1831 διαμετρήσας
1287 1741 1480 1812 ἰσοσκελῶν·
1508 1737 1555 1810 ῶν
1582 1742 1624 1808 τά

512 1845 608 1936 σκέλή
637 1841 698 1913 ἀνά
726 1846 843 1915 ποδῶν
871 1843 926 1931 ιγ’,
955 1843 974 1934 ή
1000 1843 1037 1914 δὲ
1057 1843 1157 1931 βάσις
1178 1845 1294 1912 ποδῶν
1317 1846 1352 1929 ι’,
1374 1843 1394 1937 ή
1418 1845 1456 1913 δὲ
1478 1844 1625 1926 κάθετος

512 1944 632 2034 ἑκάστη
661 1943 724 2014 ἀνά
751 1947 866 2014 ποδῶν
895 1945 960 2030 ιβ’·
989 1942 1034 2027 ῶς
1059 1945 1215 2034 γίνεσθαι
1242 1948 1283 2014 τὸ
1308 1945 1455 2034 ἐμβαδὸν
1481 1945 1623 2016 ἑκάστου

510 2046 670 2138 τριγῶνου
703 2050 819 2117 ποδῶν
840 2047 891 2132 ξ’,
924 2054 985 2116 τοῦ
1017 2044 1095 2116 ὅλου
1129 2048 1255 2137 ῥόμβου
1283 2045 1377 2131 όντος
1405 2051 1531 2140 δηλαδή
1559 2075 1624 2118 πο-

512 2154 579 2220 δῶν
599 2150 661 2241 ρκ’.
1222 2226 1225 2231 ,
1643 2170 1669 2219 15

456 2262 497 2325 87
584 2251 696 2322 ’Ἔστω
725 2246 817 2336 οίκος
845 2250 926 2337 ἔχων
953 2254 992 2321 τὸ
1018 2259 1123 2345 μήκος
1150 2252 1262 2334 πόδας
1287 2253 1330 2337 κ’,
1353 2253 1412 2323 καί
1431 2254 1471 2322 τὸ
1494 2252 1625 2334 πλάτος

511 2354 622 2436 πόδας
644 2355 691 2443 ιγ’
715 2363 743 2439 t,
767 2358 819 2423 δεῖ
840 2355 877 2423 δὲ
898 2357 1015 2442 γνῶναι
1039 2355 1147 2425 πόσαι
1170 2353 1219 2437 είς
1239 2364 1355 2424 τοῦτον
1374 2357 1434 2425 τόν
1455 2349 1549 2425 οἶκον
1571 2382 1624 2424 κε-

510 2455 648 2546 ραμίδες
670 2453 917 2543 ἀναβαίνουσιν·
940 2453 1025 2524 ἔστω
1048 2458 1087 2525 δὲ
1108 2457 1127 2548 ή
1151 2458 1289 2547 κεραμὶς
1311 2459 1427 2528 ποδῶν
1448 2459 1497 2546 β’,
1524 2459 1565 2527 τδ
1588 2460 1625 2527 δὲ

511 2559 641 2641 πλάτος
662 2558 696 2627 α’
720 2567 753 2626 t·
776 2558 872 2628 ποίει
895 2557 1012 2640 οὕτως·
1035 2555 1155 2651 ἐπειδή
1178 2561 1316 2651 κεραμὶς
1336 2558 1624 2652 ήμιπόδιονόπο-

509 2660 647 2730 τίθεται
675 2659 743 2729 ὑπό
769 2662 828 2751 τήν
853 2660 964 2751 ἑτέραν
989 2657 1168 2750 κεραμίδα,
1197 2659 1301 2753 ἀφελε
1322 2659 1394 2731 ἀπὸ
1415 2670 1476 2731 τοῦ
1496 2662 1624 2753 μήκους
1642 2682 1671 2733 20

508 2766 570 2856 τῆς
600 2762 794 2851 κεραμίδος,
828 2761 877 2845 είς
910 2759 947 2831 δν
972 2763 1078 2832 τόπον
1104 2763 1249 2848 κατέχει,
1269 2817 1277 2832 .
1294 2817 1327 2833 ..
1349 2762 1422 2834 ἔστι
1448 2765 1489 2834 τδ
1516 2769 1624 2856 μῆκος

509 2868 625 2936 ποδῶν
651 2866 692 2950 κ’,
721 2869 760 2936 τὸ
788 2868 825 2936 δὲ
852 2865 980 2947 πλάτος
1006 2867 1121 2934 ποδῶν
1148 2865 1195 2954 ιγ’
1218 2876 1249 2935 t·
1277 2864 1555 2936 πολυπλασίασον
1581 2870 1624 2936 τά

510 2968 544 3057 κ’
571 2968 631 3038 ἐπί
658 2969 704 3057 ιγ’
732 2977 767 3037 t·
799 2965 944 3058 γίνονται
970 2967 1040 3036 σο’·
1072 2968 1177 3036 ταῦτα
1200 2969 1338 3059 μέρισον
1364 2968 1412 3051 είς
1438 2971 1481 3037 τά
1507 2969 1546 3056 β’
1569 2969 1622 3038 δ”·

511 3070 657 3160 γίνονται
679 3071 741 3162 ρκ’·
763 3073 924 3141 τοσαῦται
943 3067 1166 3161 ἀναβήσονται
1185 3069 1359 3160 κεραμίδος
1373 3068 1433 3141 ἐπί
1445 3073 1505 3141 τόν
1520 3066 1621 3142 οἶκον.

456 3173 496 3239 88
583 3169 684 3241 ’Ἐστι
706 3175 744 3241 δά
764 3174 823 3242 καί
843 3172 941 3264 ἑτέρα
960 3173 1112 3261 μέθοδος
1133 3173 1194 3241 ἐπί
1214 3176 1279 3241 τῶν
1299 3171 1499 3265 κεραμίδων·
1521 3173 1581 3243 ἒδν
1601 3168 1622 3267 ᾖ
1642 3196 1672 3246 25

511 3269 603 3357 ολκος
628 3272 710 3359 ἔχων
736 3277 775 3344 τὸ
801 3282 908 3366 μῆκος
934 3277 1051 3344 ποδῶν
1077 3275 1118 3360 ξ’,
1145 3276 1186 3345 τὸ
1213 3276 1250 3344 dd
1278 3274 1407 3357 πλάτος
1433 3279 1552 3345 ποδῶν
1579 3279 1621 3358 λ’,

511 3372 614 3468 ἀφελε
636 3378 696 3444 διά
717 3380 844 3458 παντός
864 3379 903 3446 τδ
925 3377 968 3465 γ’
989 3377 1089 3465 μέρος
1108 3385 1174 3446 τῶν
1196 3377 1244 3460 ξ’·
1270 3379 1391 3448 λοιπόν
1411 3378 1467 3465 μ’·
1488 3380 1548 3448 καί
1571 3377 1622 3449 ἔτι

511 3474 637 3565 ὁμοίως
663 3475 734 3547 ἀπὸ
761 3486 821 3547 τοῦ
847 3477 1010 3562 πλάτους,
1041 3477 1112 3551 ἀπό
1138 3483 1203 3549 τῶν
1224 3481 1267 3565 λ’,
1289 3482 1328 3549 τό
1349 3480 1474 3571 τρίτον·
1499 3485 1623 3553 λοιπόν

511 3579 559 3650 κ’·
586 3581 644 3648 καί
673 3580 946 3651 πολυπλασίασον
972 3583 1015 3649 τά
1036 3582 1074 3669 μ’
1095 3582 1155 3652 sal
1176 3584 1219 3651 τά
1241 3583 1288 3650 κ’·
1316 3581 1462 3672 γίνονται
1483 3583 1540 3652 ω’·
1567 3612 1623 3655 το-

513 3683 635 3752 σαῦται
656 3683 832 3773 κεραμίδις
854 3681 1080 3775 ἀναβήσονται
1101 3685 1162 3754 ἐπί
1182 3686 1240 3755 τὸν
1260 3679 1360 3755 οἶκον.
1642 3710 1672 3760 3⁰

482 3820 495 3859 s
601 3779 730 3878 Εἶίρήται
754 3786 804 3857 καί
827 3789 920 3857 eadee
944 3791 982 3884 τῇ
1004 3786 1139 3881 μεθόδῳ·
1167 3781 1242 3878 οῶτή
1264 3790 1317 3880 μία
1340 3795 1394 3859 τῶν
1419 3792 1548 3878 πλευρῶν
1572 3794 1623 3882 τῆς

511 3890 651 3978 δυρρότου
685 3894 788 3980 στέγης
821 3880 896 3960 οὗτοι
926 3890 987 3979 ἔχει
1017 3893 1172 3983 κεραμίδος
1202 3895 1242 3979 ξ’,
1271 3888 1290 3982 ή
1319 3894 1350 3961 δὲ
1379 3894 1463 3978 ἑτέρα
1492 3891 1543 3961 καί
1572 3893 1623 3983 ἴση

578 4085 619 4136 21.
637 4091 697 4151 pest
713 4080 820 4151 κατέχει
835 4080 945 4134 Ghehet
957 4075 1046 4149 οὖντά,
1064 4084 1109 4133 sed
1123 4076 1154 4134 οὐ
1166 4082 1237 4133 miris
1250 4081 1368 4134 ductibus
1380 4083 1517 4150 seriptum
1535 4085 1623 4150 legen·

512 4167 570 4216 dum
585 4166 687 4218 videtur
704 4159 862 4235 ήμιπόδιον
879 4158 918 4227 α’,
936 4170 962 4215 et
977 4163 1110 4230 probabile
1127 4173 1168 4217 est
1183 4165 1310 4216 excidisse
1327 4165 1378 4216 elie
1394 4166 1517 4233 quaedem
1533 4165 1622 4230 verbe,

511 4245 600 4314 quilius
620 4247 783 4313 longitudinis
806 4246 936 4314 sesquipes
957 4245 1171 4312 multiplicaretur
1192 4262 1246 4298 eum
1264 4246 1405 4299 letitndinis
1421 4249 1574 4317 sesquipede
1592 4249 1623 4300 ed

512 4330 731 4394 sunnempedunn
744 4330 779 4397 η
847 4326 888 4380 22.
906 4320 1031 4391 τὰ1τὸίὶ
1099 4326 1141 4379 2Ί.
1159 4323 1567 4398 γ”]νσαιιιοιιρεειοε.-ονῦ

511 4409 553 4460 32.
571 4405 689 4477 κεράμες
700 4411 752 4473 (vel
764 4403 911 4482 κεράμους,
924 4423 979 4459 nem
993 4426 1025 4460 ου
1038 4416 1065 4460 et
1077 4424 1090 4462 ε
1102 4425 1178 4478 snepe
1191 4410 1312 4475 distingui
1324 4427 1373 4463 nen
1384 4412 1502 4479 possunt)
1516 4410 1540 4464 G
