3925 5742
731 766 1010 821 ετοοοοιιοοοιοι
1023 766 1070 832 ιιι).
1404 766 1453 819 ιιι

345 915 435 1015 οἶνον
456 919 518 1002 ἕως
539 922 654 988 ποδῶν
675 918 719 1003 ς’·
741 919 836 989 πόσα
858 915 915 989 οὖν
935 917 1078 1009 κεράμιά
1096 915 1186 988 ἔστιν
1201 914 1220 988 ό
1236 909 1340 1002 οἶνος,·
1362 919 1454 987 ποιῶ

344 1022 464 1104 οὕτως·
487 1018 623 1114 ἀφαιρῶ
642 1023 685 1092 τά
708 1023 741 1110 χ’
763 1019 834 1091 άπδ
854 1026 920 1092 τῶν
941 1023 979 1090 ε’·
1002 1022 1108 1091 λοιπά
1129 1020 1181 1109 β’·
1202 1027 1308 1090 ταῦτα
1329 1019 1390 1091 ἐπὶ
1410 1021 1454 1090 τά

344 1125 378 1208 ς’
406 1124 553 1214 γίνονται
581 1124 643 1212 ιβ’·
672 1124 797 1195 τούτων
822 1126 862 1194 τδ
882 1124 928 1217 η”
949 1124 1097 1213 γίνονται
1119 1122 1153 1192 α’
1174 1119 1209 1192 8·
1236 1123 1295 1192 καὶ
1318 1120 1455 1214 άφαιρῶ

344 1229 385 1296 τὸ
406 1227 444 1295 α’
465 1234 487 1295 8
507 1224 579 1296 άπδ
598 1229 664 1296 τῶν
686 1228 726 1296 ε’·
748 1229 855 1297 λοιπά
877 1227 910 1316 γ’
930 1234 966 1297 8·
987 1226 1152 1296 τοσούτων
1172 1223 1267 1295 ἔσται
1287 1226 1456 1295 ποδῶν-τὸ

307 1348 323 1397 5
345 1329 474 1410 πλάτος
494 1325 518 1418 ἢ
538 1327 626 1420 ῶςῆ
649 1329 836 1418 διάμετρος,
860 1328 922 1412 ἕως
943 1327 1029 1399 ὅπου
1051 1321 1175 1409 όσῖνος
1187 1327 1353 1416 ἐτύγχανε·
1376 1327 1486 1397 σόν-ν

345 1439 409 1512 δες
438 1429 548 1500 τοίνυν
573 1432 615 1501 τά
643 1432 675 1521 γ’
697 1439 718 1500 8
744 1427 803 1501 καὶ
828 1433 871 1501 τά
893 1431 930 1500 ε’·
960 1431 1105 1520 γίνονται
1127 1431 1160 1523 η’
1181 1438 1214 1499 8·
1238 1423 1283 1500 ῶν
1302 1432 1343 1499 τδ
1363 1438 1384 1499 8
1406 1429 1455 1519 χό-

344 1557 458 1602 νονται
481 1533 513 1602 δ’
536 1532 589 1602 δ”·
611 1536 670 1603 καὶ
690 1536 796 1603 ταῦτα
817 1533 877 1625 ἐφ’
898 1525 1000 1619 ἑαυτά
1022 1531 1170 1622 γίνονται
1192 1533 1240 1625 ιη’
1262 1532 1329 1615 ις”·
1350 1540 1456 1602 ταῦτα

345 1634 515 1718 ἑνδεκάκις
540 1635 687 1725 γίνονται
712 1637 792 1729 ρςη
812 1643 833 1704 8
854 1636 897 1727 η”
921 1637 990 1718 ις”·
1017 1635 1143 1706 τούτων
1168 1633 1291 1725 μερίζω
1317 1637 1357 1705 τδ
1387 1635 1456 1704 ιδ”·

346 1736 493 1824 γίνονται
520 1739 627 1820 πόδες
648 1739 699 1809 ιδ’
722 1739 760 1823 ζ”
781 1739 843 1830 κη”
865 1739 943 1830 ριβ”
966 1738 1068 1809 σκδ”·
1094 1740 1198 1806 ταῦτα
1221 1744 1312 1808 ποιῶ
1333 1737 1395 1807 ἐπὶ
1415 1734 1455 1806 τό

291 1857 324 1907 10
345 1840 450 1930 ὕψος,
478 1841 538 1910 ἐπὶ
564 1843 641 1924 τούς
667 1842 710 1925 ς’·
741 1840 888 1931 γίνονται
915 1839 1020 1920 πόδες
1048 1840 1105 1908 πό
1128 1838 1166 1922 ζ”
1192 1838 1286 1930 ριβ”·
1311 1846 1457 1908 τοσαῦτα
1545 1850 1548 1855 ’

346 1942 492 2032 κιράμιά
514 1943 605 2013 ἐστιν
627 1940 645 2013 ὃ
668 1936 766 2026 οἶνος.

421 2041 534 2114 Ἔστω
559 2049 671 2115 κοῦπα
696 2046 756 2115 καὶ
781 2044 880 2131 ἐχέτω
904 2046 967 2138 τὴνΙ
985 2040 1053 2114 άνω
1075 2044 1253 2134 διάμετρον
1275 2045 1399 2129 ποδῶν·
1412 2042 1454 2127 ς’,
1473 2046 1511 2110 13

347 2145 406 2214 καὶ
432 2149 491 2237 τήν
518 2147 608 2215 κάτω
636 2147 814 2237 διάμετρον
841 2150 957 2216 ποδῶν
984 2147 1028 2239 η’,
1050 2149 1089 2217 τδ
1112 2148 1151 2216 δὲ
1172 2145 1261 2237 ὕψος
1283 2148 1395 2217 ποδῶν
1417 2146 1455 2215 ι’·

347 2245 451 2337 εὑρεῖν
476 2249 569 2319 πόσα
595 2251 739 2341 κεράμια
759 2251 916 2342 χωρήσει·
943 2251 1034 2318 ποιῶ
1056 2247 1174 2330 οὕτως·
1196 2248 1378 2339 συντίθημι
1399 2250 1458 2340 τήν

293 2370 327 2420 15
350 2348 417 2418 ἔτ’νω
440 2351 616 2440 διάμετρον
637 2353 696 2421 καὶ
716 2354 774 2443 τὴν
795 2353 898 2421 κάτω·
925 2350 1071 2439 γίνονται
1095 2352 1159 2420 ιδ’·
1182 2343 1228 2418 ῶν
1247 2352 1286 2420 τὸ
1308 2357 1329 2418 8
1350 2349 1458 2439 μόνον·

346 2478 404 2519 ται
428 2453 468 2534 ζ’·
489 2459 594 2521 ταῦτα
616 2450 671 2544 ἐφ’
693 2451 794 2522 ἑαυτά
816 2453 963 2541 γίνονται
985 2453 1060 2539 μ8’·
1088 2461 1192 2522 ταῦτα
1214 2450 1383 2534 ἑνδεκάκις
1405 2450 1459 2540 μί·

348 2580 462 2622 νονται
489 2555 590 2647 φῶθ’·
616 2556 740 2624 τούτων
763 2557 803 2625 τό
830 2555 886 2624 ιδ”
912 2556 1059 2644 γίνονται
1086 2556 1191 2637 πόδες
1217 2554 1271 2646 λη’
1291 2561 1326 2622 8·
1353 2556 1457 2622 ταῦτα

349 2664 440 2724 ποιῶ
460 2655 521 2725 ἐπὶ
542 2657 582 2725 τό
603 2655 706 2748 ὕψος,
733 2657 794 2726 ἐπὶ
815 2659 892 2738 τούς
915 2657 943 2726 ι’
965 2659 1089 2739 πόδας·
1116 2656 1262 2748 γίνονται
1284 2655 1376 2726 τπε’·
1402 2681 1458 2726 το·

349 2765 456 2826 σαῦτα
477 2757 620 2849 κεράμια
640 2759 783 2851 χωρήσει
808 2759 993 2849 [τριακόσια
1015 2757 1218 2852 ὀγδοήκοντα
1240 2759 1356 2844 πέντε].

292 2880 327 2930 20
423 2857 536 2928 ’Ἔστω
562 2859 678 2949 βοότις
704 2862 763 2930 καὶ
789 2860 889 2947 ἐχέτω
910 2863 968 2951 την
990 2857 1057 2929 άνιο
1080 2861 1258 2952 διάμετρον
1278 2864 1393 2930 ποδῶν
1413 2859 1457 2946 ς’,
1476 2860 1514 2922 14

348 2963 409 3053 τὴν
432 2961 470 3031 δὲ
490 2963 592 3053 μέσην
613 2965 729 3032 ποδῶν
749 2962 792 3054 η’,
815 2965 914 3038 τόδὲ
935 2961 1024 3054 όψος
1045 2967 1159 3033 ποδῶν
1182 2964 1219 3032 ι’·
1243 2962 1350 3054 εὑρεῖν,
1366 2963 1460 3033 πόσα

348 3065 495 3154 κεράμια
515 3071 629 3152 χωρεῖ·
652 3069 744 3135 ποιῶ
766 3065 882 3149 οὕτως·
910 3069 1060 3136 σοντιθῶ
1080 3068 1139 3158 τήν
1159 3066 1262 3156 μέσην
1283 3065 1462 3155 διάμετρον

349 3168 409 3236 καὶ
433 3167 492 3256 τὴν
517 3164 599 3235 άνω·
627 3166 710 3255 ὁμοῦ
737 3167 883 3257 γίνονται
911 3170 1015 3251 πόδες
1042 3169 1105 3238 ιδ’·
1133 3161 1178 3236 ῶν
1204 3169 1243 3237 τὸ
1266 3175 1294 3236 8.
1314 3165 1460 3255 γίνονται

352 3269 398 3350 ζ’·
424 3276 531 3337 ταῦτα
558 3268 615 3361 ἐφ’
642 3269 744 3340 ἑαυτά
770 3272 915 3359 χόνονται
939 3270 1044 3352 πόδες
1063 3269 1141 3358 μεθ’·
1164 3276 1270 3338 ταῦτα
1291 3266 1461 3349 δνδεκάκις

294 3393 328 3443 25
350 3369 495 3460 γίνονται
517 3371 623 3454 πόδες
644 3375 740 3465 φῶθ’·
764 3373 840 3467 άρτι
861 3371 997 3465 μερίζοι·
1021 3364 1066 3441 ῶν
1086 3375 1125 3443 τὸ
1147 3371 1204 3442 ιδ”
1227 3371 1373 3459 γίνονται
1392 3371 1461 3441 πό-

351 3478 406 3556 δες
426 3473 480 3565 λη’
501 3481 537 3542 8·
558 3477 663 3544 ταῦτα
684 3480 775 3547 ποιῶ
796 3478 857 3547 ἐπὶ
877 3479 917 3546 τὸ
939 3475 1037 3567 ὕψος,
1058 3477 1137 3556 τοὺς
1159 3475 1195 3544 ι’·
1225 3473 1371 3562 γίνονται
1393 3474 1461 3544 πό-

352 3580 407 3658 δες
427 3575 515 3646 τπε’·
536 3587 684 3648 τοσαῦτα
705 3580 849 3670 κεράμια
869 3585 968 3670 χωρεῖ
989 3576 1009 3670 ἦ
1031 3576 1158 3667 βοότις.
1213 3595 1216 3599 ’

352 3737 551 3747 ------.-

420 3821 481 3873 Cod.
494 3821 574 3888 MB‚G
586 3823 640 3873 des.
652 3837 721 3873 vers.
735 3821 776 3872 27.

422 3903 445 3954 1.
462 3901 540 3956 ἐστιν
555 3898 571 3954 ὁ
588 3901 672 3966 οἶνος]
685 3900 810 3972 χωρήσει
827 3900 863 3967 G,
881 3903 945 3953 idem
957 3903 976 3954 Β
988 3902 1013 3953 iu
1025 3918 1105 3967 marg.
1118 3918 1133 3953 a
1145 3918 1198 3954 rec.
1211 3918 1243 3954 m.
1331 3902 1355 3953 2.
1373 3897 1459 3954 λοιπά

352 3983 379 4048 Β,
389 3979 493 4036 λοιπὸν
501 3983 560 4049 ΜΒ,
570 3984 630 4035 item
639 3983 736 4035 verm
786 3985 811 4036 4.
823 3980 855 4036 τὸ
866 3984 946 4051 prius}
957 3978 1007 4052 τὴν
1017 3981 1040 4034 G
1090 3979 1232 4037 τοσοάτων
1243 3984 1300 4046 σιω]
1310 3984 1372 4034 haec
1384 3983 1461 4034 aliter

352 4067 448 4133 scriptu
460 4067 485 4117 in
497 4065 529 4131 G,
541 4066 599 4118 vide
612 4064 691 4131 Geep.
702 4065 734 4117 82
757 4056 759 4060 ’
808 4067 832 4117 5.
849 4060 875 4132 ἢ]
888 4061 904 4130 ἡ
917 4081 973 4116 cum
986 4072 1046 4116 nota
1058 4063 1197 4130 compendii
1208 4064 1227 4113 Β
1283 4059 1298 4115 ὃ
1312 4079 1360 4115 om.
1373 4064 1393 4114 Β

355 4148 394 4200 10.
407 4145 480 4214 τοὺς]
495 4143 529 4200 τά
545 4147 565 4198 Β
636 4147 676 4197 15.
688 4149 815 4215 γίνονται
828 4143 881 4199 ιδ’·
895 4133 934 4200 ῶν
945 4144 977 4198 τὸ
990 4145 1006 4197 S
1017 4149 1145 4215 γίνονται
1158 4139 1196 4204 ζ’·
1209 4143 1295 4196 ταῦτα
1308 4160 1356 4196 om.
1370 4142 1393 4195 G

355 4251 394 4303 16.
408 4250 587 4322 ἔφαίὶμοαῐ.
601 4251 738 4318 adp.174,
753 4252 795 4316 17)
862 4231 1058 4321 μΒΊιοτιιθῚὶ
1130 4241 1461 4313 ἑνδεκάκις]ια”Β,ῡι(ἰ

422 4339 462 4390 19.
474 4332 623 4408 τριακόσια
636 4332 810 4405 ὀγδοήκοντα
821 4337 913 4402 πέντε]
926 4338 978 4390 τῇ
991 4333 1014 4386 G
1065 4333 1107 4386 20.
1119 4329 1214 4401 ροάτις
1225 4334 1262 4384 sic
1274 4333 1333 4384 libri
1346 4333 1423 4384 ethic
1435 4341 1462 4384 τι

352 4419 377 4468 in
391 4418 439 4470 fluo
491 4419 532 4471 23.
551 4415 582 4471 τὸ
596 4416 682 4470 om.G
732 4418 775 4469 24.
794 4413 882 4476 πόδες
893 4426 951 4470 ante
965 4414 989 4479 ζ’
1003 4414 1096 4467 αἰδῶ
1151 4410 1277 4484 ἐφάῦο.
1292 4430 1409 4483 αοοιαμ.

351 4494 578 4564 ἑνδεκάκις]ιδι6
632 4499 674 4552 25.
686 4496 783 4563 πόδες]
797 4497 931 4554 ποδῶνῦ
982 4495 1112 4550 τόσοιῦ
1166 4497 1206 4548 25.
1221 4497 1261 4548 26.
1273 4494 1463 4567 γίνονταιπό·

352 4603 406 4668 δες]
421 4583 485 4673 άγι
498 4604 520 4656 G
