3925 5742
817 799 1008 853 PRAEFATIO
1433 822 1471 864 xv

354 951 451 1019 Alios
479 952 569 1020 locos
599 953 626 1020 si
653 953 725 1041 quis
747 961 892 1041 quaerat,
915 955 1054 1037 multos,
1084 962 1179 1042 puto,
1208 953 1243 1020 in
1264 954 1328 1021 hoc
1351 977 1471 1042 genere

355 1059 553 1149 scriptorum
577 1059 730 1128 inveniat.
1233 1066 1237 1077 ’

445 1167 512 1234 ΙΠ.
559 1164 828 1234 Geodaesiam
861 1165 1018 1254 descripsi
1046 1188 1088 1232 ex
1116 1165 1157 1231 Ε.
1208 1166 1333 1234 Eadem
1361 1167 1470 1233 multis

354 1281 526 1362 praeterea
539 1299 541 1301 ¹
554 1273 588 1339 in
617 1271 708 1340 libris
737 1272 901 1338 invenitur
931 1281 964 1337 et
985 1271 1121 1337 Parisiis
1151 1283 1183 1339 et
1205 1272 1276 1338 aliis
1299 1273 1334 1339 in
1356 1270 1471 1341 biblio-

356 1380 471 1464 thecis,
497 1403 515 1446 e
539 1379 656 1469 quibus
679 1379 744 1446 iam
766 1380 871 1462 facile,
900 1379 927 1444 51
951 1378 1022 1467 quis
1047 1379 1144 1464 volet,
1168 1402 1269 1445 unum
1292 1381 1472 1461 alterumve

355 1510 430 1553 cum
455 1488 517 1552 hae
540 1486 681 1553 editione
705 1488 852 1555 conferre
867 1485 995 1574 poterit,
1018 1485 1105 1573 quod
1120 1484 1190 1574 ipse
1206 1494 1293 1552 certe
1308 1485 1469 1569 fecissem,
1554 1537 1557 1541 .

356 1593 384 1659 51
407 1616 468 1682 per
491 1593 646 1681 temporis
669 1593 835 1681 angustias
858 1593 1014 1659 licuisset.
1060 1590 1214 1659 Ceterum
1236 1615 1302 1657 uno
1325 1593 1398 1658 loeo
1417 1615 1469 1658 eo·

356 1723 421 1788 que
457 1699 650 1788 gravissimo
680 1699 730 1788 (p.
757 1699 837 1783 151,
866 1723 936 1787 cap.
964 1698 1026 1787 19)
1056 1697 1095 1763 iis
1125 1697 1276 1765 subsidiis
1305 1721 1371 1765 non
1401 1699 1470 1764 sine

355 1807 467 1872 fructu
496 1829 573 1872 usus
603 1830 673 1872 sum
703 1829 787 1894 quae
816 1805 975 1872 Martinus
1007 1828 1048 1872 ex
1071 1805 1218 1894 pluribus
1231 1800 1331 1872 'libris
1355 1828 1470 1894 suppe-

313 1968 324 1971 -
356 1911 528 1978 ditaverat.

447 2019 509 2086 IV.
568 2018 609 2084 Iu
646 2017 1032 2085 Introductionibus
1070 2016 1470 2084 stereometricorum

358 2123 490 2189 omnino
506 2125 774 2210 praestantiorem
790 2147 861 2190 esse
880 2124 1020 2213 cognovi
1032 2123 1263 2190 Monacensem
1276 2122 1352 2212 (M).
1383 2123 1469 2190 Nam

357 2254 388 2319 p.
417 2231 498 2314 153,
524 2232 562 2294 11
589 2240 677 2297 recte
700 2231 799 2297 habet
822 2225 1060 2314 εἰκοστόπρωτα,
1089 2231 1145 2296 ubi
1167 2227 1227 2294 BC
1250 2223 1469 2317 sluccro'porpu3

358 2346 392 2402 51
420 2360 452 2424 p.
479 2336 560 2419 154,
591 2338 611 2402 9
641 2337 730 2402 55155
758 2338 857 2403 babet
885 2330 989 2422 αὐτῆς,
1017 2336 1074 2402 ubi
1103 2329 1193 2400 αὐτοῦ
1216 2335 1261 2422 Β,
1289 2345 1322 2401 51
1349 2336 1470 2402 ibidem

357 2466 407 2508 vs.
434 2443 475 2508 18
499 2442 638 2530 vestigia
660 2443 802 2508 servavit
822 2442 974 2509 vocabuli
996 2437 1163 2520 δακτύλους,
1180 2441 1296 2529 quibus
1313 2441 1469 2530 exemplis

358 2549 462 2616 multa
485 2548 561 2614 addi
583 2558 719 2636 possunt
741 2549 814 2615 alia.
860 2551 911 2615 Ao
934 2572 1013 2615 vero
1037 2548 1093 2615 ubi
1116 2548 1202 2613 idem
1226 2546 1393 2636 corruptus
1409 2557 1468 2634 est,

358 2663 394 2720 ut
416 2679 447 2743 p.
473 2650 548 2740 157,
575 2657 603 2739 1,
627 2655 683 2722 ubi
703 2657 797 2743 plura
811 2656 971 2722 vocabula
986 2655 1036 2722 bis
1052 2654 1156 2743 posita
1172 2664 1256 2738 sunt,
1272 2654 1344 2720 talis
1360 2664 1469 2721 tamen

358 2770 409 2826 est
432 2783 523 2826 error
545 2760 600 2848 qui
624 2760 722 2827 facile
746 2762 898 2851 cognosci
920 2762 1030 2850 possit.
1078 2758 1235 2827 CodexC
1257 2762 1325 2827 fere
1348 2761 1468 2849 ubique

357 2866 457 2934 etiam
479 2867 652 2933 levissimis
675 2867 709 2932 in
731 2868 856 2935 mendis
880 2877 976 2956 atque
1000 2867 1161 2933 interdum
1177 2865 1274 2932 etiam
1288 2866 1468 2934 litterarum

357 2974 509 3040 ductibus
533 2974 685 3040 convenit
706 2998 780 3040 cum
801 2974 840 3041 B.
886 2973 983 3054 Quod
998 2973 1281 3062 postquamsensi,
1297 2973 1377 3041 desii
1393 2997 1467 3048 eum

358 3079 505 3145 codicem
530 3082 688 3161 conferre,
711 3079 902 3168 praesertim
921 3105 999 3166 cum
1020 3081 1107 3146 idem
1131 3080 1290 3169 scriptura
1313 3089 1346 3146 51
1359 3104 1417 3168 per
1432 3104 1467 3147 55

357 3185 492 3251 minime
514 3186 665 3254 distincta
688 3196 721 3252 51
743 3186 777 3252 15
793 3187 1013 3274 superioribus
1027 3186 1172 3275 partibus
1189 3186 1349 3252 soldanum
1364 3208 1467 3274 paene

357 3292 498 3360 evanida
520 3294 654 3360 laboret.

447 3400 501 3466 De
515 3400 665 3468 fracturis
681 3399 786 3465 minus
802 3398 1002 3487 vulgaribus,
1020 3420 1103 3486 quae
1118 3397 1152 3463 in
1169 3395 1353 3465 Geodaesia
1369 3399 1468 3466 semel

357 3505 403 3594 (p.
420 3506 496 3590 151,
504 3505 549 3594 6),
574 3507 701 3595 saepius
724 3507 758 3572 in
781 3507 842 3573 hac
865 3515 898 3571 51
920 3507 1022 3572 altera
1046 3505 1235 3572 collectione
1252 3507 1466 3574 stereometri-

357 3635 470 3678 cornm
492 3613 702 3680 inveniuntur
717 3613 764 3702 (p.
779 3614 913 3697 153,11.
938 3614 1074 3697 151128.
1102 3614 1175 3698 158,
1183 3614 1213 3680 3.
1239 3615 1374 3699 159,14.
1387 3613 1472 3698 167,

358 3721 410 3786 17.
439 3718 577 3808 172,8),
613 3721 680 3786 dixi
709 3722 742 3787 in
770 3721 1010 3810 prolegomenis
1039 3721 1081 3788 ad
1109 3720 1238 3787 Metrol.
1269 3745 1331 3788 scr.
1361 3721 1418 3787 rel.
1449 3720 1467 3786 I

354 3848 388 3913 p.
404 3826 500 3892 1745.
546 3825 628 3892 Inde
650 3827 801 3894 iteratum
824 3828 863 3906 ζ”
884 3827 1023 3916 praetuli
1045 3850 1076 3914 p.
1092 3827 1227 3911 156,28.
1254 3829 1366 3912 157,1.

445 3931 488 3998 V.
534 3931 680 3998 Alteram
715 3933 940 3999 collectionem
969 3933 1281 4000 stereometricorum
1310 3932 1396 3999 edidi
1425 3954 1467 3998 ex

355 4039 385 4104 B
409 4047 443 4104 et
464 4037 509 4104 M.
557 4039 612 4104 Ex
634 4040 684 4107 his
706 4040 921 4128 praestantior
942 4040 1055 4128 utique
1079 4049 1128 4105 551
1150 4039 1196 4123 Β,
1226 4039 1282 4127 qui
1307 4062 1380 4105 cum
1404 4039 1467 4105 alia

354 4145 493 4229 rectius,
520 4154 589 4211 tum
611 4169 644 4234 p.
659 4146 762 4229 174,8
786 4156 819 4212 51
844 4145 946 4228 176,3
969 4147 1100 4234 plenam
1123 4145 1314 4232 scripturam
1336 4145 1464 4226 habeat,

354 4251 411 4318 ubi
439 4253 596 4319 nonnulla
624 4252 855 4319 interciderunt
884 4253 919 4318 in
941 4251 987 4318 M.
1033 4250 1099 4320 Sed
1128 4253 1259 4318 fuerunt
1281 4250 1379 4316 etiam
1401 4250 1466 4316 loci

354 4358 443 4448 iique
472 4358 661 4446 praesertim
686 4368 831 4426 extrema
853 4359 915 4425 hac
939 4357 1148 4436 collectione,
1177 4356 1232 4423 ubi
1256 4355 1363 4421 minus
1385 4355 1465 4422 mihi

354 4466 548 4552 probaretur
583 4465 728 4532 eiusdem
761 4465 836 4532 libri
870 4464 1056 4532 auctoritas.
1108 4462 1264 4552 Magnam
1298 4485 1389 4552 spem
1423 4463 1464 4529 de

356 4571 468 4638 codice
492 4569 521 4638 O
543 4572 744 4641 excitaverat
765 4571 926 4639 Martinus
949 4572 995 4661 (p.
1011 4570 1100 4659 189),
1126 4595 1199 4638 cum
1219 4570 1359 4638 inveniri
1375 4570 1409 4635 in
1424 4591 1464 4635 eo
