3925 5742
811 791 1016 845 GEDMDTRIA.
1423 798 1470 847 105

355 947 463 1014 ταῦτα
491 941 548 1034 ἐφ’
577 941 680 1012 ἑαυτὸ
707 941 853 1030 γίνονται
880 944 942 1025 ξδ’·
970 944 1098 1012 καὶτὸ
1128 945 1156 1012 ι’
1176 946 1236 1012 τοῦ
1258 945 1392 1028 σκέλους
1413 947 1470 1039 ἐφ’

355 1048 460 1117 ἑαυτὸ
482 1046 630 1136 γίνονται
651 1045 692 1131 ρ’·
715 1044 753 1127 ἐξ
773 1038 819 1112 ὧν
839 1046 920 1132 λάβε
941 1049 983 1115 τὸ
999 1046 1061 1129 ξδ’·
1076 1047 1184 1115 λοιπά
1198 1046 1261 1129 λς’·
1284 1041 1329 1115 ὧν
1344 1052 1470 1139 πλευρά

357 1151 580 1239 τετραγωνικῆ
610 1147 736 1235 γίνεται
758 1147 799 1228 ς’·
829 1147 993 1216 τοσούτων
1015 1147 1168 1231 σχοινίων
1188 1146 1208 1237 ἤ
1231 1149 1386 1231 κάθετος.
1429 1154 1469 1221 τὸ
1497 1179 1510 1218 ι

360 1254 399 1321 δὲ
421 1253 568 1340 ἐμβαδὸν
591 1248 709 1338 εὑρεῖν·
733 1249 853 1330 σύνθες
874 1252 1019 1341 κορυφήν
1040 1251 1098 1317 καὶ
1119 1248 1219 1336 βάσιν
1240 1246 1339 1340 ἤγουν
1358 1253 1394 1341 β’
1413 1255 1472 1323 καί

320 1382 336 1429 5
361 1355 420 1446 ιη’·
444 1354 591 1442 γίνονται
611 1352 653 1420 κ’·
681 1346 726 1420 ὧν
747 1350 849 1442 ἤμισυ
873 1351 998 1438 γίνεται
1022 1352 1059 1419 ι’·
1086 1359 1192 1419 ταῦτα
1213 1350 1273 1419 ἐπὶ
1294 1356 1337 1421 τὸ
1360 1354 1393 1436 ς’
1413 1363 1472 1446 τῆς

358 1459 509 1541 καθέτου
531 1454 871 1539 πολυπλασιαζδμενα
894 1453 1040 1541 γίνονται
1062 1452 1234 1542 ἑξήκοντα·
1257 1455 1316 1522 καί
1338 1453 1472 1525 ἔστιτὸ

358 1559 508 1645 ἐμβαδὸν
528 1558 588 1625 τοῦ
611 1555 712 1625 αδτοῦ
734 1554 925 1637 ἶσοσκελοῦς
938 1555 1118 1644 τραπεζίου
1133 1554 1287 1638 σχοινίων
1300 1555 1472 1647 ἑξήκοντα·

357 1653 405 1728 ὦν
425 1659 530 1750 ἤμισυ
553 1656 678 1745 γίνεται
695 1658 882 1747 τριάκοντα,
906 1659 965 1725 καί
986 1655 1059 1725 ἔστι
1075 1659 1133 1746 γῆς
1146 1656 1271 1741 μοδίων
1283 1660 1469 1747 τριάκοντα.

451 1761 639 1849 Τραπίζιον
660 1760 828 1840 ἰσοσκελὲς
848 1761 887 1828 τὸ
910 1758 991 1828 αὸτὸ
1007 1759 1239 1848 διαιρούμενον
1254 1759 1302 1841 είς
1314 1761 1471 1850 τμήματα
1486 1769 1526 1829 75

306 1884 337 1933 10
357 1862 436 1954 τρία
463 1860 562 1953 ἤγουν
589 1860 638 1942 είς
664 1862 1009 1952 παραλληλόγραμμον
1032 1858 1238 1950 ὀρθογώνιον
1259 1863 1317 1930 καί
1340 1861 1387 1943 είς
1409 1863 1470 1932 δίο

356 1964 501 2054 τρίγωνα
534 1966 677 2055 σκαληνὸ
711 1964 906 2054 ὀρθογώνια.
949 1962 970 2054 ἤ
998 1965 1126 2055 κορυφῆ
1154 1965 1213 2031 καί
1243 1961 1386 2052 ἤβάσις
1412 1966 1470 2034 τοῦ
1497 1994 1510 2032 ι

359 2066 704 2158 παραλληλογράμμου
728 2063 790 2133 άνὸ
811 2066 965 2150 σχοινίων
986 2067 1030 2154 β’,
1053 2069 1095 2133 τὸ
1116 2066 1152 2153 β’
1175 2065 1271 2157 σκέλη
1295 2066 1357 2134 άνὸ
1380 2091 1472 2152 σχοι-

356 2169 438 2238 νίων
464 2170 507 2251 ς’·
534 2171 577 2237 τὸ
604 2171 639 2255 β’
667 2177 728 2237 τοῦ
755 2169 901 2250 πλάτους
926 2170 988 2237 ἐπὶ
1014 2170 1056 2236 τὸ
1083 2169 1115 2250 ς’
1140 2171 1198 2236 τοῦ
1219 2171 1345 2258 μήκους
1366 2173 1471 2238 πολυ-

357 2272 611 2358 πλασιαζόμενα
639 2270 782 2359 γίνονται
810 2270 871 2359 ιβ’·
899 2272 957 2339 καί
978 2269 1052 2339 ἐστι
1072 2272 1112 2339 τὸ
1134 2270 1284 2357 ἐμβαδὸν
1303 2278 1361 2339 τοῦ
1382 2296 1468 2361 παρ-

305 2391 336 2439 15
358 2374 634 2463 αλληλογράμμου
660 2371 816 2455 σχοινίων
843 2374 902 2461 ιβ’·
929 2372 1054 2441 τούτων
1081 2372 1121 2439 τὸ
1150 2369 1250 2461 ἤμισυ
1279 2371 1405 2458 γίνεται
1426 2374 1468 2456 ς’,

357 2476 418 2542 καὶ
444 2472 516 2542 ἔστι
544 2477 602 2564 γῆς
628 2474 755 2560 μοδίων
777 2476 818 2557 ς’.
862 2472 882 2564 ἦ
910 2477 1012 2562 βάσις
1039 2471 1128 2557 [ἐνὸς]
1153 2471 1294 2542 ἑκάστου
1317 2473 1468 2563 ὸρθογω-
1495 2503 1508 2542 ι

358 2575 432 2644 νίου
453 2577 612 2665 τριγώνου
635 2575 789 2661 σχοινίων
810 2575 905 2659 ὀκτώ,
927 2574 947 2665 ἤ
972 2577 1010 2644 δὲ
1032 2577 1116 2665 πρὸς
1138 2573 1245 2660 ὀρθὸς
1258 2574 1357 2666 ἤγουν
1371 2578 1391 2667 ἤ
1407 2578 1469 2646 κά-

357 2685 463 2759 θετος
488 2676 642 2762 σχοινίων
670 2677 711 2760 ς’·
737 2681 777 2746 τὸ
803 2678 907 2768 ἤμισυ
933 2686 993 2768 τῆς
1018 2679 1147 2765 βάσεως
1167 2675 1267 2768 ἤγουν
1287 2681 1330 2747 τὸ
1353 2681 1386 2748 δ’
1409 2682 1469 2750 ἐπὶ

356 2783 401 2847 τὸ
434 2780 467 2862 ς’
499 2789 559 2870 τῆς
590 2781 738 2848 καθέτου
772 2779 1112 2865 πολυπλασιαζόμενα
1139 2778 1286 2867 γίνονται
1313 2782 1378 2849 κδ’·
1410 2785 1469 2853 καί

301 2898 336 2947 20
357 2881 493 2950 ἔστιτὸ
515 2883 661 2969 ἐμβαδὸν
682 2880 822 2951 ἑκάστου
849 2883 1010 2970 τριγώνου
1033 2880 1186 2965 σχοινίων
1206 2883 1271 2949 κδ’·
1301 2875 1346 2949 ὦν
1367 2882 1468 2972 ἤμισυ

357 2983 487 3072 γίνεται
521 2982 580 3071 ιβ’·
612 2983 670 3051 καὶ
703 2982 794 3051 ἔστιν
827 2983 966 3052 ἕκαστον
998 2983 1123 3051 τούτων
1155 2991 1215 3074 γῆς
1245 2985 1374 3071 μοδίων
1407 2987 1467 3074 ιβ’.

357 3085 445 3172 ὸμοῦ
466 3087 524 3153 καί
545 3085 650 3153 πάλιν
670 3088 736 3152 τῶν
756 3088 856 3175 τριών
876 3085 1056 3176 τμημάτων
1083 3084 1183 3177 ἤγουν
1207 3090 1268 3156 τοῦ
1295 3092 1468 3178 παραλλη-

356 3187 548 3278 λογράμμου
570 3189 714 3255 καὶτῶν
737 3188 797 3256 δύο
818 3189 984 3278 τριγώνων
1005 3189 1045 3256 τὸ
1064 3189 1211 3274 ἒμβαὸὸν
1226 3187 1379 3274 σχοινίων
1394 3189 1467 3280 ἑξή-

357 3316 472 3359 κοντα·
495 3283 540 3356 ὧν
561 3289 663 3378 ἤμισυ
687 3288 812 3377 γίνεται
834 3291 1024 3379 τριάκοντα·
1048 3291 1106 3358 καί
1128 3287 1217 3359 ἔστιν
1240 3289 1258 3360 ὸ
1281 3292 1388 3372 τόπος
1407 3301 1468 3361 τοῦ

1092 3391 1100 3416 t

1102 3442 1109 3459 ι

302 3409 336 3457 25
359 3394 487 3473 παντὸς
509 3390 700 3471 ίσοσκελοῦς
720 3390 900 3480 τραπεζίου
922 3392 1048 3477 μοδίων
1068 3395 1087 3458 λ

435 3494 568 3582 Ἕτερον
596 3494 776 3580 τραπέζιον
798 3491 974 3576 ἰσοσκελές,
998 3486 1037 3561 οὗ
1059 3490 1078 3582 ἦ
1101 3496 1228 3585 κορυφή
1252 3494 1406 3578 σχοινίων
1428 3495 1466 3566 ὸ·
1482 3509 1522 3570 76

357 3595 444 3679 κτώ,
471 3593 491 3684 ἤ
519 3595 621 3683 βάσις
642 3593 792 3678 σχοινίων
813 3595 877 3685 λη’,
906 3598 948 3663 τὸ
971 3596 1009 3664 ὸὸ
1031 3597 1128 3685 σκέλη
1151 3594 1214 3663 άνὸ
1237 3598 1390 3683 σχοινίων
1413 3601 1466 3683 ιζ’.

358 3698 465 3788 εὑρεῖν
487 3695 586 3764 αὐτοῦ
605 3697 664 3786 τῆν
683 3697 840 3765 κάθετον·
869 3694 972 3788 άφελε
999 3695 1123 3783 ὸμοίως
1144 3700 1290 3789 κορυφήν
1312 3700 1382 3768 άπὸ
1405 3700 1468 3788 βά-

358 3823 443 3880 σεως
464 3797 566 3889 ἤγουν
587 3798 674 3866 ὀκτώ
696 3798 767 3867 ἀπὸ
787 3801 851 3867 τῶν
871 3799 935 3890 λη’·
956 3802 1063 3869 λοιπὸι
1084 3800 1128 3867 λ’·
1150 3789 1195 3867 ὧν
1215 3799 1318 3890 ἤμισυ
1342 3803 1466 3888 γίνεται

303 3927 335 3976 30
360 3902 414 3970 ιε’·
447 3908 553 3968 ταῦτα
582 3898 638 3991 ἐφ’
671 3899 772 3969 ἑαυτὸ
798 3901 944 3988 γίνονται
969 3904 1052 3971 σκε’·
1085 3904 1143 3971 καί
1169 3905 1212 3971 τὸ
1238 3905 1285 3985 ιζ’
1311 3909 1370 3974 τοῦ
1397 3905 1468 3987 ἑνὸς

357 4055 561 4067 -ι---·

426 4127 652 4198 3.γιἈ,οσι.Ι)
738 4132 762 4182 5.
780 4124 995 4200 ἤμισυγίνεται]
1008 4131 1040 4184 τὸ
1053 4130 1123 4184 S''D
1194 4135 1233 4185 ,6.
1253 4143 1279 4186 et
1295 4137 1319 4186 7.
1338 4131 1399 4194 ξἸ)

357 4216 382 4266 8.
401 4209 499 4282 ἥμισυ]
512 4211 543 4264 τὸ
556 4209 593 4263 δ”
606 4213 627 4262 D
695 4209 723 4264 λ’
737 4222 844 4279 utroque
857 4215 914 4264 loco
927 4215 948 4264 D
1019 4214 1058 4265 10.
1074 4209 1106 4282 γ’
1119 4214 1141 4263 D
1211 4215 1250 4272 εἰς
1263 4212 1323 4280 δύο]
1336 4211 1365 4280 β’
1378 4216 1399 4265 D

360 4297 400 4346 11.
419 4281 453 4347 οὗ
466 4291 481 4360 ἡ
494 4291 603 4364 κορυφὴ
616 4295 637 4344 Ι)
718 4295 757 4346 12.
777 4296 888 4363 σχοινία
900 4304 1008 4362 utroque
1021 4295 1078 4344 loeo
1091 4294 1114 4345 Α
1183 4294 1221 4345 16.
1240 4292 1302 4353 ἑνὸς
1314 4313 1362 4347 om.
1376 4296 1398 4346 Α
1413 4320 1417 4325 -
1472 4314 1475 4321 ·

359 4378 399 4427 17.
419 4371 559 4444 τριγώνου
571 4392 618 4425 om.
632 4375 654 4425 D
740 4373 854 4444 ἤγουνη
868 4391 915 4427 om.
929 4377 950 4426 D
1019 4376 1061 4427 21.
1079 4378 1187 4444 γίνεται
1199 4393 1246 4427 om.
1261 4378 1282 4427 D
1351 4373 1464 4448 τούτων]

357 4452 484 4508 «οισνυ
564 4457 606 4507 ιι.
624 4452 858 4527 ομοοχομοωςυ
930 4456 1110 4526 totamm
1191 4458 1231 4509 23.
1250 4455 1312 4522 γυ
1381 4448 1466 4518 §stam

356 4536 388 4589 τὸ
401 4533 438 4587 δ”
452 4532 506 4588 λἸ)
558 4538 600 4590 25.
613 4539 720 4595 παντὸς
732 4537 901 4602 ὶσοσκελοῦς]
915 4534 1211 4608 παραλληλογράμμου
1223 4538 1245 4588 D
1296 4538 1338 4591 26.
1351 4535 1380 4605 η’
1394 4540 1415 4591 D

356 4620 398 4672 27.
411 4615 466 4671 ἀνὰ
479 4620 628 4686 σχοινίαΑ
680 4621 720 4672 28.
734 4619 781 4672 καὶ
791 4628 850 4688 post
862 4616 967 4690 ὁμοίως
978 4618 1071 4671 οδω)
1110 4619 1229 4687 29,η’1)
1262 4623 1370 4690 γίνεται
1383 4622 1466 4675 om.D
