3925 5742
838 772 964 824 VARIAE
984 774 1243 828 COLLECTIONES.
1547 772 1596 833 263

484 923 543 991 καὶ
571 925 615 990 τά
642 923 702 1008 μὲν
724 926 936 1011 διαιρετικῶς
956 923 1142 1015 όφηγεῖται,
1165 929 1207 995 τὰ
1230 930 1268 997 δέ
1289 928 1473 1018 ὁριστικῶς,
1494 933 1536 998 τά
1559 933 1596 1000 δὲ

486 1023 535 1092 δι’
566 1023 774 1105 ἀποδείξεως
799 1030 995 1094 καταδεῖται
1022 1030 1085 1094 τῶν
1108 1029 1326 1117 ζητουμένων,
1349 1033 1595 1121 συναρμόζουσα

483 1127 544 1213 μέν
564 1132 636 1206 τοῖς
656 1125 892 1211 ὑποκειμένοις
912 1125 1010 1219 ἑαυτῇ
1030 1131 1090 1209 τάς
1110 1130 1278 1215 μεθόδους
1298 1133 1446 1214 ταόταςε

574 1231 640 1317 Την
662 1228 782 1316 γωνίαν
804 1229 968 1315 σόμβολον
991 1225 1076 1299 εἶναί
1098 1257 1207 1322 φαμεν
1227 1234 1286 1302 καί
1300 1231 1412 1302 εἰκόνα
1426 1243 1485 1324 τῆς
1499 1261 1590 1304 συνο-
1610 1245 1649 1306 37

447 1352 463 1400 5
484 1334 543 1420 γῆς
568 1334 634 1398 τῶν
660 1330 694 1398 ἐν
722 1336 793 1411 τοῖς
818 1331 933 1411 θείοις
959 1333 1064 1419 γένεσι
1092 1334 1149 1402 καί
1175 1337 1234 1424 τῆς
1262 1340 1450 1423 σοναγωγοῦ
1469 1337 1594 1418 τάξεως

482 1436 549 1501 τῶν
572 1433 778 1524 διῃρημένων
800 1430 848 1511 εἷς
869 1428 904 1500 ἓν
925 1432 984 1499 καὶ
1005 1436 1069 1499 τῶν
1089 1438 1254 1519 μεριστῶν
1276 1434 1324 1516 εἷς
1344 1438 1383 1504 τό
1405 1436 1522 1528 ἀμερές
1535 1441 1593 1507 καί

482 1543 549 1603 τῶν
570 1537 706 1602 πολλῶν
727 1531 776 1612 είς
797 1535 1007 1622 συνδεκτικην
1028 1534 1210 1603 κοινωνίαν.
1250 1539 1370 1622 δεσμὸς
1391 1540 1452 1626 γάρ
1468 1538 1594 1625 γίνεται

481 1637 540 1703 καὶ
564 1635 645 1726 αὕτη
673 1638 739 1702 τῶν
759 1638 893 1703 πολλῶν
914 1638 1070 1722 γραμμῶν
1091 1637 1148 1704 καί
1171 1637 1347 1706 ἐπιπέδων
1367 1643 1426 1708 καὶ
1449 1667 1592 1728 συναγω-

482 1739 540 1825 γός
564 1741 613 1826 τῷ
641 1737 779 1824 μεγέθει
808 1735 856 1816 εἷς
883 1738 922 1804 τό
951 1735 1070 1823 ἀμερές
1090 1741 1154 1806 τῶν
1176 1738 1320 1829 σημείων
1340 1743 1397 1809 καὶ
1420 1748 1590 1834 συνεκτικη

428 1859 461 1910 ιο
483 1841 611 1919 παντός
632 1836 706 1906 κατ’
731 1836 831 1929 αὐτην
853 1835 1080 1928 ὑφισταμένου
1103 1841 1276 1929 σχήματος.
1321 1844 1453 1911 διὸκαὶ
1475 1847 1517 1911 τά
1532 1847 1621 1913 λό-ε

481 1965 540 2028 για
565 1943 626 2021 τοὶς
654 1941 795 2027 γωνικάς
816 1942 983 2026 συμβολάς
1004 1949 1068 2006 τῶν
1090 1943 1265 2030 σχημάτων
1287 1943 1482 2035 συνοχηίδας
1504 1943 1591 2014 ἀντο-

440 2043 441 2049 '
480 2047 589 2126 καλεῖ,
620 2039 703 2110 καθ’
732 2041 809 2110 ὅσον
841 2040 953 2110 εἰκόνα
980 2043 1119 2131 φέρουσι
1147 2047 1212 2112 τῶν
1239 2050 1419 2131 ουνοχικῶν
1445 2044 1591 2114 ἐνιόσεων

479 2145 541 2212 καὶ
563 2144 740 2226 συζεύξεων
760 2152 826 2210 τῶν
847 2142 963 2225 θείων,
986 2141 1070 2211 καθ’
1094 2139 1134 2223 όίς
1155 2147 1197 2212 τά
1219 2149 1384 2214 διεστῶτα
1406 2150 1590 2217 συνάπτου-

480 2271 535 2314 σιν
564 2244 727 2335 ἀλλήλοις.
772 2241 807 2311 αλ
834 2245 893 2329 μὲν
919 2240 975 2313 οόν
1002 2251 1028 2315 ἓν
1055 2251 1129 2325 ταῖς
1151 2247 1367 2337 ἐπιφανείαις
1390 2250 1506 2335 γωνίαι
1529 2248 1618 2320 ἀυ-ε

426 2360 459 2409 15
480 2348 618 2433 λοτέρας
640 2345 819 2415 αὐτῶνκαὶ
834 2342 1063 2435 ἁπλουστέρας
1077 2344 1298 2430 ἀπεικάζουσι
1313 2352 1371 2416 καὶ
1386 2354 1590 2441 τελειοτέρας

481 2449 631 2531 ένάσεις,
654 2446 688 2515 αί
711 2447 749 2516 δέ
772 2447 806 2515 ἒν
826 2452 897 2525 τοῖς
918 2453 1063 2535 στερεοῖς
1083 2450 1268 2535 προῖοόοας
1288 2454 1385 2539 μέχρι
1406 2455 1470 2521 τῶν
1491 2454 1589 2537 ἐσχά-

478 2579 545 2619 των
572 2552 630 2619 καὶ
656 2555 727 2629 τοῖς
755 2548 1016 2633 διεσπασμένοις
1037 2551 1209 2619 κοινωνίαν
1230 2553 1288 2620 καὶ
1309 2560 1380 2634 τοῖς
1401 2555 1508 2646 πάντη
1530 2583 1587 2641 με·

478 2658 606 2743 ριστοῖς
630 2653 706 2737 [καὶ]
731 2650 865 2740 όμοφυᾶ
887 2649 1039 2730 οόνταξιν
1060 2652 1296 2738 παρεχομένας.
1332 2662 1397 2721 τῶν
1416 2656 1453 2724 δὲ
1467 2657 1501 2725 έν
1514 2663 1618 2737 ταίςι

477 2753 697 2847 ἐπιφανείαις
718 2752 754 2821 αὶ
775 2753 834 2838 μὲν
855 2752 914 2830 τάς
935 2750 1070 2836 πρώτας
1092 2750 1276 2844 αὐτῶνκαὶ
1300 2753 1466 2842 ἀμίκτους,
1494 2756 1527 2826 αἱ
1551 2760 1588 2826 δέ

419 2871 455 2921 20
478 2861 538 2938 τὰς
557 2867 616 2947 τῆς
638 2853 796 2944 ἀπειρίας
818 2853 1008 2932 συνεκτικάς
1033 2855 1099 2920 τῶν
1120 2853 1154 2921 ἐν
1177 2853 1292 2937 αάταῖς
1313 2860 1467 2946 προόδων
1489 2859 1588 2928 ἀπει-

476 2958 678 3040 κονίζοντσι·
706 2957 764 3022 καὶ
793 2951 829 3021 αὶ
853 2955 912 3039 μέν
938 2956 999 3033 τὰς
1019 2957 1084 3020 τῶν
1105 2965 1224 3042 νοερῶν
1247 2955 1344 3025 εἰδῶν
1365 2957 1586 3039 ένοποιοῧοιν,

477 3059 514 3128 αί
547 3061 585 3128 δέ
611 3061 672 3138 τός
698 3060 763 3126 τῶν
792 3055 977 3144 αἰσθητῶν,
1008 3053 1043 3122 αἱ
1071 3055 1109 3123 δέ
1135 3058 1196 3135 τδς
1222 3065 1288 3124 τῶν
1314 3061 1436 3143 μεταξδ
1463 3061 1587 3128 τούτων

477 3162 681 3241 συνεκτικάς.
725 3156 761 3227 αὶ
786 3159 846 3244 μέν
873 3154 929 3227 οὖν
950 3157 1258 3248 περιφερόγραμμοι
1272 3162 1452 3245 μιμοῦνται
1467 3162 1584 3250 γωνίαι
1603 3193 1616 3232 υ

546 3355 571 3406 2.
590 3351 804 3424 σαναρμόζουσα
814 3351 876 3422 μὲν]
889 3354 934 3404 καὶ
947 3349 1163 3421 ουναρμόζουσα
1175 3349 1224 3404 Ηο
1266 3352 1290 3403 3.
1303 3348 1487 3422 ὑποκειμένης
1498 3354 1517 3403 Β

475 3436 576 3488 ἑαυτοῦ
589 3437 638 3500 BF,
651 3434 747 3501 ἑαυτῆς
756 3437 793 3487 He
853 3443 912 3501 post
924 3430 1024 3490 ταύτας
1035 3433 1099 3484 adde
1112 3448 1125 3482 e
1138 3432 1230 3484 Proclo
1238 3435 1370 3503 χρωμένη
1384 3432 1414 3484 δὲ
1426 3434 1472 3484 καὶ
1483 3431 1584 3504 ἑκάστη

476 3515 552 3588 πρὸς
562 3511 612 3582 τὴν
623 3520 747 3584 θεωρίαν
758 3517 813 3569 τῶν
823 3517 919 3586 μέσων
931 3510 1024 3584 λόγων
1085 3516 1110 3565 4.
1124 3515 1182 3566 vide
1195 3514 1279 3565 Procl.
1292 3530 1316 3579 p.
1331 3514 1363 3564 36
1376 3515 1432 3564 inde
1445 3529 1458 3564 α
1471 3529 1540 3564 vers.
1553 3515 1584 3565 10

545 3601 570 3651 5.
588 3599 651 3661 τῶν]
665 3597 776 3654 τοῖςΒδ
806 3644 810 3648 .
845 3597 870 3647 6.
888 3595 1103 3664 διειρημένωνΒ
1166 3591 1385 3667 εὶςτὸ]ώςτδΙν“
1455 3597 1584 3662 ’ί.γίγνε-

476 3674 710 3743 ταικαλαάτὴίίε
778 3679 802 3730 9.
816 3679 865 3729 τοῦ
876 3678 1066 3746 μεγέθοαςίίε
1136 3677 1175 3725 10.
1189 3674 1355 3734 παντὸςτοῦ
1367 3677 1404 3728 He
1460 3676 1499 3727 11.
1513 3671 1585 3726 ἀπο-

477 3760 576 3824 κλεῖΒ,
590 3755 709 3812 ὑποκλεῖ
718 3759 739 3810 F
828 3759 868 3810 13.
886 3759 932 3811 καὶ
944 3767 1003 3811 ante
1016 3760 1071 3811 τῶν
1083 3759 1140 3808 add.
1153 3758 1189 3808 Ην
1259 3756 1455 3811 14.2v0m.131·*
1525 3752 1583 3807 ἀπὸ

477 3837 680 3909 ἀϋλωτίραςίίε
741 3840 780 3890 15.
799 3835 991 3904 ἀπεικάζουσι]
1005 3834 1182 3890 ἀποκαλοῦσι
1193 3839 1243 3904 BF,
1256 3835 1468 3892 ἀποτυποῦνται
1480 3840 1524 3900 He,
1537 3855 1583 3890 απ-

473 3925 593 3990 γνίιιαιιιί
604 3911 694 3972 Βατία.
750 3920 789 3972 16.
801 3919 904 3978 ἀνέσεις
916 3921 942 3983 Β,
955 3915 1079 3975 ἑνόσεως
1091 3921 1126 3971 He
1177 3921 1330 3988 προιοῦσαι
1339 3929 1365 3970 et
1374 3935 1501 3984 suprascr.
1512 3935 1544 3975 ας
1552 3919 1583 3983 1⁴¹,

476 3997 653 4072 προσιούσας
665 4002 692 4065 Β,
705 3996 754 4059 τὰς
765 3997 923 4070 προιοάσας
933 4001 969 4051 He
1056 4000 1095 4052 17.
1113 3999 1339 4070 διασπασμένοις
1351 4001 1371 4051 F
1440 4001 1584 4051 κοινωνίαι

477 4093 505 4135 οε
518 4099 645 4149 suprascr.
660 4082 727 4135 ανδ
795 4082 959 4154 μεριστῆςΒ
1029 4080 1069 4132 18.
1087 4081 1132 4132 καὶ
1146 4095 1193 4130 om.
1208 4081 1243 4132 He
1313 4080 1352 4130 19.
1370 4075 1482 4149 πρώτας
1493 4076 1583 4131 αὐτῶν

475 4165 521 4228 Ile,
534 4165 653 4232 πρῶτασ
665 4160 754 4214 αὑτὸσ
765 4165 793 4228 Β,
806 4157 1043 4233 πριότιιοαυῐόοΙ(1
1118 4160 1159 4214 20.
1177 4162 1225 4226 τῆς
1237 4159 1375 4232 ἀπειρίας]
1388 4164 1447 4216 τοῖς
1458 4158 1583 4228 ἀπειρίας

475 4245 526 4309 BF,
540 4246 585 4295 sed
596 4246 622 4295 in
634 4245 655 4296 F
667 4253 799 4311 utrumque
811 4245 892 4296 ternis
904 4243 1003 4310 punctis
1016 4249 1128 4293 notatum
1185 4242 1340 4294 συνεκτικαὶ
1351 4242 1371 4292 Β
1422 4235 1518 4296 αὐταῖς
1530 4240 1581 4304 BF,

476 4321 572 4383 αὐτοῖς
582 4325 619 4376 He
687 4321 883 4384 ἀπεικάζονται
895 4326 931 4375 He
1008 4323 1050 4374 21.
1068 4320 1251 4376 ἐνοπαιοῦσιν
1262 4322 1289 4385 Β,
1302 4321 1491 4374 ἑνωποιοῦσιν
1499 4320 1529 4383 F,
1543 4321 1581 4370 εί-

474 4403 652 4464 δοποιούσσς
663 4407 706 4470 He,
719 4409 841 4458 υινίίνίοει
851 4407 941 4462 Βαιοο.
1028 4403 1070 4455 22.
1088 4405 1143 4456 τῶν
1155 4403 1299 4468 αἰσθητῶν
1310 4397 1401 4469 λόγων
1412 4403 1448 4453 He
1532 4399 1581 4458 τὰς

474 4488 540 4551 τῶν]
553 4491 619 4541 ταῖσ
630 4488 661 4552 F,
673 4487 760 4540 τῶνΒ
828 4480 1092 4544 23.ουνδετικάςίίο
1143 4485 1180 4549 σί]
1195 4484 1224 4535 οἱ
1234 4484 1284 4548 BF,
1298 4485 1340 4551 qui
1351 4484 1390 4534 hic
1402 4497 1493 4533 novum
1506 4489 1581 4549 caput

474 4568 595 4633 incipiunt
663 4572 762 4636 γωνίαι
776 4568 929 4636 μιμοῦνται
940 4567 976 4618 He
