3925 5742
799 797 989 851 rumrluo
1149 773 1152 784 “
1388 818 1439 860 m

420 952 538 1016 Restat
556 960 592 1016 ut
607 973 679 1016 eam
694 951 954 1017 Heronianorum
969 952 1169 1038 aliorumque
1184 950 1437 1036 fragmentorum

329 1058 556 1122 collectionem
585 1056 765 1122 describam
788 1079 886 1144 quam
908 1056 1015 1124 Maius
1039 1058 1098 1123 sub
1121 1055 1256 1142 Didymi
1279 1057 1373 1122 titulo
1397 1079 1439 1123 ex

327 1162 550 1229 Ambrosiano
567 1163 678 1228 codice
695 1161 756 1250 (N)
773 1162 872 1228 edidit
884 1162 929 1250 (v.
943 1186 1040 1252 supra
1057 1186 1088 1251 p.
1101 1161 1163 1228 IX.
1178 1162 1236 1249 X).
1272 1161 1365 1241 Quae
1382 1186 1438 1228 ex·

328 1269 460 1356 plicabo
486 1270 662 1335 secundum
684 1260 739 1334 eos
763 1268 942 1334 sectionum
958 1291 1109 1335 numeros
1126 1291 1207 1355 quos
1223 1267 1330 1334 Maius
1344 1268 1437 1333 fecit:

424 1378 543 1441 1-13
567 1387 642 1440 sunt
655 1374 791 1461 Didymi
806 1376 1019 1442 Alexandrini
1041 1398 1211 1441 mensurae
1227 1398 1437 1441 marmorum:

328 1483 405 1548 vide
428 1483 532 1547 nostri
554 1483 630 1561 libri
652 1491 778 1570 partem
800 1480 862 1547 IX.

423 1589 566 1680 14-17
591 1597 665 1653 sunt
688 1587 817 1653 tabulae
840 1587 1048 1655 Heronianae
1071 1589 1088 1653 Ι
1110 1598 1142 1654 et
1157 1588 1193 1654 II
1217 1587 1359 1676 (Metrol.
1377 1611 1438 1653 scr.

327 1696 423 1763 rel.I
446 1696 522 1761 fr.4
545 1704 578 1759 et
600 1695 632 1777 5,
655 1717 686 1780 p.
706 1692 917 1780 180—185).

422 1804 474 1868 18.
495 1803 535 1865 19
559 1810 609 1864 est
631 1795 759 1865 Metrol.
777 1823 838 1865 scr.
855 1802 895 1866 fr.
912 1801 954 1866 95
978 1798 1024 1887 (p.
1043 1799 1182 1889 300ss.).

420 1909 473 1973 20.
493 1909 532 1972 21
559 1905 680 1972 ibidem
702 1907 741 1971 fr.
759 1908 797 1971 81
825 1905 871 1992 (p.
888 1904 1029 1990 257ss.)-.

420 2014 564 2079 22-60
593 2021 641 2077 est
669 2012 818 2077 collectio
848 2011 1160 2077 stereometricorum
1187 2010 1223 2078 Π
1246 2011 1315 2077 sive
1337 2012 1439 2078 nostri

329 2121 404 2188 libri
429 2143 504 2209 pars
518 2117 561 2184 V.
607 2116 674 2183 Sed
698 2117 813 2184 desunt
835 2118 869 2182 in
892 2117 925 2183 N
948 2141 987 2182 ea
1011 2139 1093 2204 quae
1117 2139 1186 2203 cap.
1202 2118 1262 2198 2,2
1283 2127 1356 2204 post
1372 2114 1439 2182 dui-

329 2254 432 2315 μετρος
450 2222 501 2310 τῆς
517 2223 645 2306 σφαίρας
661 2225 746 2311 apud
761 2247 820 2289 nos
836 2224 1004 2310 leguntur3
1028 2222 1142 2309 incipit
1156 2245 1266 2287 rursus
1281 2224 1440 2311 scriptura

329 2331 540 2401 Ambrosiani
572 2355 591 2396 a
613 2332 721 2397 verbis
744 2326 953 2416 κολυμβήθρας
979 2324 1028 2392 καὶ
1052 2325 1176 2410 φρέατος
1202 2337 1262 2392 cet.
1288 2329 1374 2416 (cap.
1392 2330 1437 2414 8).

329 2443 397 2508 Hic
421 2461 485 2526 ego
508 2436 586 2501 Maii
611 2437 785 2503 editionem
807 2457 874 2501 non
898 2434 1019 2500 contuli
1042 2434 1104 2500 nisi
1128 2435 1169 2500 ad
1193 2444 1290 2522 caput
1312 2436 1354 2500 41
1377 2429 1439 2500 Εὑ-

329 2554 386 2632 ρεῖν
409 2541 485 2633 ἡμᾶς
509 2537 587 2607 πόδα
611 2553 688 2628 cet3
716 2543 842 2630 reliqua
865 2542 944 2608 duas
968 2541 1010 2607 ob
1035 2527 1148 2606 causas
1172 2540 1276 2625 omisi,
1299 2540 1438 2629 primum

330 2653 418 2743 quod
442 2650 692 2716 Ambrosianum
715 2649 748 2714 in
773 2648 920 2714 omnibns
943 2647 1068 2713 mendis
1084 2646 1153 2711 vidi
1169 2669 1348 2733 congruere
1365 2671 1438 2714 cum

329 2753 414 2837 ΜΒ,
445 2756 545 2822 multa
574 2765 682 2822 autem
710 2765 877 2844 praeterea
905 2753 1022 2820 vitiosa
1048 2753 1184 2835 habere,
1217 2753 1332 2819 deinde
1363 2754 1438 2842 quia

330 2862 471 2928 eundem
505 2862 637 2927 minime
666 2873 815 2928 accurate
844 2886 863 2927 a
891 2859 978 2924 Maio
1010 2858 1130 2938 editum
1158 2881 1229 2925 esse
1258 2869 1437 2949 appareret,

329 2969 377 3035 ita
400 2979 438 3034 ut
459 2971 569 3036 multis
592 2969 681 3051 locis,
706 2978 832 3034 essetne
856 2966 977 3032 codicis
1002 2990 1043 3031 an
1058 2964 1138 3031 Maii
1155 2966 1322 3053 scriptura,
1347 2966 1437 3032 dubi·

330 3085 446 3141 tarem.
493 3074 560 3142 Sed
582 3084 691 3140 tamen
714 3075 868 3140 nonnulla
891 3096 974 3160 quae
997 3072 1159 3138 mentione
1175 3073 1274 3158 digna
1289 3071 1439 3137 videren-

330 3192 386 3247 tur
408 3181 449 3246 ad
474 3181 630 3269 quosdam
652 3182 741 3246 locos
764 3180 858 3246 attuli
880 3202 922 3244 ex
943 3179 987 3244 N.

423 3288 567 3353 61-70
590 3298 664 3353 sunt
687 3285 894 3353 Geometriae
917 3285 1023 3372 capita
1047 3284 1179 3350 97-99
1199 3283 1244 3372 (p.
1265 3284 1439 3368 127,12-

334 3396 410 3478 130,
418 3392 489 3480 23).

426 3501 572 3565 71-74
594 3500 714 3566 ibidem
738 3523 807 3587 cap.
826 3500 1005 3582 101,6-8
1030 3496 1074 3583 (p.
1096 3495 1325 3583 leat-20).

425 3607 477 3673 75.
494 3607 552 3672 76:
575 3606 649 3672 vide
673 3608 864 3694 scripturam
887 3605 1007 3670 codicis
1022 3604 1055 3669 D
1079 3613 1152 3690 post
1167 3601 1283 3670 Geom.
1301 3627 1370 3691 cap.
1384 3605 1437 3687 01,ι

332 3739 365 3802 p.
380 3713 445 3780 122
458 3713 566 3779 adnot.
589 3712 654 3778 III.
1233 3744 1235 3748 ·

425 3820 484 3884 772
506 3819 584 3913 uide
607 3818 726 3884 ibidem
750 3827 823 3906 post
846 3840 915 3905 cap.
930 3817 1003 3899 101,
1027 3839 1059 3903 p.
1075 3817 1138 3880 134
1149 3815 1274 3880 adnot:
1293 3807 1332 3880 ‘0
1356 3809 1439 3898 λόγος
1575 3810 1580 3816 ’

335 3924 402 4009 (sic
426 3923 461 3989 N
484 3947 542 4011 pro
558 3914 670 4010 Ὅρος)
700 3919 806 3990 κύκλου
829 3933 890 3988 cet.
914 3945 1017 4010 usque
1040 3922 1081 3987 ad
1104 3914 1228 4007 ἕμβαδδν
1251 3919 1303 3985 τοῦ
1323 3916 1439 3987 κύκλου.

426 4031 483 4096 78:
507 4031 581 4096 vide
609 4027 726 4096 Geom.
744 4031 845 4110 102,1
872 4028 917 4117 (p.
932 4028 1138 4116 134,4-7).

427 4134 586 4201 ‘io-so:
609 4135 728 4201 ibidem
754 4135 959 4217 roas-10
984 4134 1028 4223 (p.
1044 4130 1377 4220 raum-moso).

426 4243 486 4309 86:
509 4242 629 4307 ibidem
656 4242 718 4306 103
743 4240 786 4329 (p.
803 4239 1031 4329 teob—11).

424 4346 579 4435 Sequitur
603 4346 754 4435 deinceps
776 4345 944 4435 Προσθήκη
960 4345 1119 4431 Πατρικίου
1141 4339 1338 4432 lapupo'ruru
1360 4353 1440 4412 θεω-

342 4449 465 4542 ρήματα,
489 4454 546 4520 ubi
569 4453 677 4519 Maius
700 4477 818 4520 novam
840 4475 1047 4520 numerorum
1066 4453 1182 4520 seriem
1198 4452 1319 4539 incipit.
1358 4449 1442 4518 Sunt

344 4572 444 4628 autem
