3925 5742
771 790 868 843 LIBER
886 789 1104 844 GEEPONICUS.
1442 796 1489 848 221

406 940 415 965 τ
440 946 457 968 ιν
495 932 513 967 5'
654 943 664 970 ν
763 941 772 971 x
891 942 899 972 1
959 949 968 980 ρ
1047 948 1064 970 u
1252 951 1260 978 γ
1354 950 1370 971 u

380 974 454 1037 ᾱυΐῃ
481 974 554 1013 Ουσα
575 974 707 1044 Χωρημῖλ
738 975 785 1029 Γᾶς
808 957 913 1028 λοιπῆς
935 960 952 1034 ξ
973 972 981 987 ⁰
1011 976 1097 1014 TOUTO
1122 948 1152 1014 δὲ
1176 945 1225 1015 κᾱδ
1248 945 1295 1016 en)
1318 978 1369 1017 701)
1392 979 1490 1018 κατω-

379 1049 453 1132 τέρω
482 1045 704 1136 προβλήματος·
734 1043 751 1137 ἡ
780 1049 828 1139 μἐν
857 1049 909 1136 μιά
939 1051 994 1118 τῶν
1023 1050 1150 1134 πλευράν
1179 1051 1229 1138 τῆς
1258 1053 1360 1140 στέγης
1382 1047 1490 1141 ὑπογέ-

379 1179 510 1237 γραπται
538 1153 570 1218 υ’
598 1151 722 1238 αἱροῧσα
745 1152 898 1240 κεραμίδος
906 1205 914 1234 ,
945 1147 963 1241 ἡ
988 1153 1019 1220 δὲ
1044 1154 1126 1239 ἑτέρα
1150 1150 1199 1221 καλ
1222 1149 1384 1222 άπεναντίον
1408 1183 1490 1223 νοου-

378 1255 446 1342 μένη
471 1250 522 1336 τάς
546 1250 651 1336 λοιπάς
673 1251 708 1321 α’
728 1256 765 1336 εἷς
788 1253 991 1344 άναπλῆριινσιν
1015 1256 1070 1324 τῶν
1095 1258 1135 1324 ω’
1155 1254 1293 1345 λη’ψεται.

343 1375 358 1422 5
470 1357 643 1447 Τρίκλινος
663 1355 740 1449 ἤτοι
761 1355 883 1450 ιόρεῖον,
907 1351 946 1427 οὗ
966 1360 1008 1429 τό
1027 1360 1086 1445 μὲν
1106 1362 1209 1452 μῆκος
1231 1367 1345 1452 πηχῶν
1366 1360 1400 1430 κ’
1414 1388 1443 1431 κ.
1459 1388 1488 1430 τ.
1504 1363 1546 1428 89

378 1460 407 1526 λ.
432 1466 479 1545 (V.
495 1465 571 1528 Stet.
587 1466 610 1541 1,
626 1467 691 1544 47).

462 1594 559 1664 Τι’να
578 1597 676 1689 μέρη
698 1600 772 1666 τῶν
793 1597 834 1668 δν
854 1603 942 1680 τοῖς
961 1600 1162 1688 μεγέθεσι
1182 1599 1408 1692 μετρήσεων
1504 1606 1546 1669 99

681 1703 1007 1788 καταμετροῦντα
1027 1703 1077 1769 τά
1100 1699 1188 1784 όλας

469 1803 542 1868 Τῶν
570 1802 609 1872 δὲ
635 1801 670 1871 ἐν
694 1809 767 1884 τοῖς
791 1803 952 1892 μεγέθεσι
978 1803 1163 1895 μετρήσεσιν
1188 1804 1271 1895 μέρη
1298 1832 1328 1874 κ.
1342 1808 1413 1874 τ.λ
1443 1811 1488 1891 (V.

325 1923 357 1972 ιο
378 1907 543 1987 1151130).

547 2024 595 2090 Τί
615 2025 691 2092 τῶν
712 2022 925 2114 εἰρημένων
947 2023 1117 2095 ἕκαστον
1139 2024 1328 2109 δόναταις
1504 2031 1543 2094 91

463 2125 561 2192 Κατά
586 2123 647 2211 μὲν
672 2127 730 2216 την
755 2127 905 2195 παλαιάν
931 2123 1069 2196 ἔκθεσιν
1091 2127 1340 2217 παραλιπόντες
1360 2128 1404 2195 τὰ
1424 2152 1489 2197 πε-

376 2228 480 2316 ρισσά
500 2253 530 2294 κ.
544 2252 573 2294 τ.
588 2228 617 2294 λ.
640 2233 685 2312 (V.
701 2234 770 2297 ibid.
789 2234 873 2310 131).

460 2326 511 2396 Ἐν
532 2329 683 2421 συντόμῳ
705 2333 743 2399 δὲ
764 2327 832 2415 ἔηει
855 2329 994 2400 ἕκαστον
1015 2358 1045 2398 κ.
1060 2343 1089 2399 τ.
1104 2335 1132 2398 λ.
1155 2339 1201 2418 (V.
1216 2337 1287 2400 ibid.
1303 2337 1386 2415 132).
1503 2346 1544 2409 92

320 2486 355 2534 15
391 2463 689 2558 Εόδυμετρικά,
718 2463 1045 2558 ἔμβαδομετρικά
1066 2468 1134 2535 καὶ
1157 2467 1472 2558 στερεομετρικά.
1503 2478 1544 2542 93

458 2565 494 2636 Ὁ
516 2569 707 2660 παλαιστῆς
728 2564 746 2637 δ
770 2565 1008 2656 εόθυμετρικός
1029 2596 1058 2637 κ.
1073 2595 1101 2638 τ.
1117 2571 1145 2638 λ.
1173 2577 1217 2657 (V.
1233 2576 1302 2639 ibid.
1320 2576 1402 2654 133).

539 2695 555 2728 <1

553 2718 704 2808 Ηρανος
728 2699 835 2806 ιἰργμ)
862 2707 934 2779 τῶν
958 2701 1323 2807 γεωμετρουμένονν.
1502 2724 1544 2787 94

462 2819 591 2899 Καδιδς
615 2815 704 2908 ἡμᾶς
731 2815 750 2888 ὁ
776 2819 924 2900 παλαιός
950 2819 1106 2888 διδάσκει
1134 2817 1247 2907 λόγος,
1278 2816 1486 2888 οἱπλεῖστοι

376 2947 407 2987 κ.
420 2943 451 2986 τ.
465 2920 494 2987 λ.
517 2927 563 3005 (V.
579 2926 682 2988 Geom.
698 2927 741 3005 2).

318 3067 354 3118 20
742 3033 904 3144 Ἥμονος
929 3034 1116 3143 μετρικοὶ.
1502 3058 1542 3121 95

467 3156 513 3223 Τό
537 3152 684 3246 ἶοόγερον
707 3152 776 3241 ἔχει
798 3153 937 3238 άκαίνας
950 3155 985 3224 σ’
1001 3156 1119 3243 γεϊκῶν
1133 3154 1249 3222 ποδῶν
1263 3151 1340 3239 ,βυ’·
1361 3151 1488 3242 μήκους

375 3256 438 3344 γάρ
467 3251 535 3339 ἔχει
565 3253 704 3336 άκαίνας
729 3256 791 3325 κδ’·
819 3261 1002 3347 διαιρεῖται
1029 3256 1068 3325 δὲ
1093 3253 1141 3337 εἷς
1168 3254 1201 3322 κ’
1227 3255 1307 3345 μέρη
1335 3251 1398 3322 α’νά
1424 3252 1486 3342 ιβ’,

322 3423 326 3430 .
375 3356 520 3444 γίνονται
547 3359 652 3440 πόδες
678 3358 750 3444 σμ’·
778 3359 925 3441 πλάτους
949 3361 987 3428 δὲ
1010 3357 1079 3444 ἔχει
1101 3357 1231 3426 διόδεκα
1254 3353 1408 3440 άκαλνας,
1436 3354 1487 3445 γί-

374 3484 488 3526 νονται
510 3459 614 3542 πόδες
634 3460 697 3547 ρκ’·
719 3459 777 3529 ἐάν
799 3462 837 3529 δὲ
858 3462 897 3528 τὸ
918 3469 1024 3552 μῆκος
1044 3460 1105 3530 ἐπὶ
1125 3462 1165 3528 τό
1188 3460 1325 3543 πλάτος,
1342 3458 1487 3548 γίνονται

318 3577 353 3626 25
376 3560 483 3640 πόδες
503 3550 612 3652 δ,ηω’.
656 3559 676 3653 ἡ
700 3557 822 3630 άκαινα
844 3563 956 3643 πόδας
978 3559 1047 3646 ἔχει
1064 3561 1121 3650 ιβ’,
1137 3561 1284 3649 γίνονται
1299 3563 1487 3630 παλαισταὶ

374 3663 443 3754 μη’.
489 3659 507 3733 δ
534 3664 619 3745 ποδς
644 3660 713 3747 ἔχει
738 3666 929 3746 παλαιστάς
956 3665 999 3748 δ’,
1028 3665 1209 3745 δακτύλους
1239 3664 1295 3746 ις’.
1340 3661 1358 3732 ὁ
1381 3666 1487 3756 πῆχυς

375 3761 395 3833 ὁ
423 3763 660 3857 εόθυμιτρικός
686 3763 754 3852 ἔχει
780 3766 875 3835 πόδα
903 3765 960 3834 ἕνα
988 3774 1020 3834 t·
1049 3765 1067 3835 δ
1090 3774 1197 3859 πῆχυς
1219 3765 1238 3836 δ
1258 3767 1395 3848 λιδικδς
1417 3765 1486 3853 ἔχει

376 3865 499 3954 ὁμοίως
521 3868 614 3938 πόδα
637 3868 672 3936 α’
695 3877 724 3954 t,
747 3868 929 3951 δακτόλους
949 3868 1015 3937 κδ’.

457 3968 534 4039 Ἐάν
554 3973 594 4040 τό
616 3971 745 4053 πλάτος
764 3973 841 4052 τούς
861 3971 916 4039 κδ’
936 3971 997 4040 9πὶ
1019 3973 1096 4052 τοδς
1117 3970 1184 4051 κδ’,
1200 3970 1346 4058 γίνονται
1362 3970 1484 4038 δάκτυ-
1502 3990 1515 4029 ¹

318 4089 353 4139 30
374 4075 429 4141 λοι
450 4074 540 4165 φος’·
561 4073 697 4155 τούτους
718 4073 778 4143 ἐπὶ
801 4076 838 4142 τδ
861 4072 970 4158 πάχος
992 4072 1137 4160 γίνονται
1155 4070 1307 4159 άγελαῖοι
1326 4074 1485 4142 δάκτυλοι
1520 4145 1523 4153 ,

374 4175 524 4262 ἃ,γιοκδ’,
546 4176 662 4258 ξέσται
683 4173 777 4267 ὑγροὶ
790 4174 858 4265 μη’.
887 4176 1002 4266 *ξηρός
1017 4174 1055 4244 δὲ
1068 4179 1168 4266 χωρεῖ
1179 4200 1234 4261 μο.
1267 4169 1287 4242 i]
1303 4172 1485 4256 Ἰταλικοδς

372 4278 432 4345 λε’·
454 4277 516 4347 ἐπὶ
536 4279 586 4345 λε’
609 4277 752 4365 γίνονται
776 4277 897 4364 ,ασκε’·
925 4277 985 4345 καὶ
1009 4283 1114 4344 ταῦτα
1135 4275 1413 4346 πολυπλασίασον
1434 4273 1484 4344 ἓν·

373 4379 523 4462 δεκάκις·
546 4379 692 4468 γίνονται
715 4379 850 4468 ἃ,γυοε’.

441 4540 484 4592 τε.
501 4537 695 4607 mammo
763 4541 805 4592 ιο.
821 4523 1010 4608 ρ’,ησιροε
1080 4534 1264 4612 mma
1334 4523 1481 4610 ταφὶῐρο

442 4621 484 4673 31.
503 4619 592 4692 ξηρός]
604 4639 636 4675 ειν
647 4620 764 4696 ξηροὺς)
