<?xml version="1.0" encoding="UTF-8"?>
<!DOCTYPE html PUBLIC "-//W3C//DTD XHTML 1.0 Transitional//EN"
    "http://www.w3.org/TR/xhtml1/DTD/xhtml1-transitional.dtd">
<html xmlns="http://www.w3.org/1999/xhtml" xml:lang="en" lang="en">
 <head>
  <title>
</title>
<meta http-equiv="Content-Type" content="text/html;charset=utf-8" />
  <meta name='ocr-system' content='tesseract 3.04.00' />
  <meta name='ocr-capabilities' content='ocr_page ocr_carea ocr_par ocr_line ocrx_word'/>
</head>
<body>
  <div class='ocr_page' id='page_1' title='image "./heronisalexandr00hultgoog/heronisalexandr00hultgoog_0249.png"; bbox 0 0 3925 5742; ppageno 0'>
   <div class='ocr_carea' id='block_1_1' title="bbox 937 742 1590 799">
    <p class='ocr_par' dir='ltr' id='par_1_1' title="bbox 937 742 1590 799">
     <span class='ocr_line' id='line_1_1' title="bbox 937 742 1590 799; baseline 0 -1"><span class='ocrx_word' id='word_1_1' title='bbox 937 742 1130 799; x_wconf 64' lang='lat' dir='ltr'>msam,</span> <span class='ocrx_word' id='word_1_2' title='bbox 1542 746 1590 798; x_wconf 72' lang='lat'><strong><em>199</em></strong></span> 
     </span>
    </p>
   </div>
   <div class='ocr_carea' id='block_1_2' title="bbox 479 897 1591 1086">
    <p class='ocr_par' dir='ltr' id='par_1_2' title="bbox 479 897 1591 1086">
     <span class='ocr_line' id='line_1_2' title="bbox 480 897 1591 987; baseline 0.001 -20"><span class='ocrx_word' id='word_1_3' title='bbox 480 901 586 980; x_wconf 90' lang='grc' dir='ltr'><strong><em>πόδες</em></strong></span> <span class='ocrx_word' id='word_1_4' title='bbox 604 900 640 986; x_wconf 78' lang='grc' dir='ltr'><strong><em>β’</em></strong></span> <span class='ocrx_word' id='word_1_5' title='bbox 661 905 682 966; x_wconf 84' lang='grc'><em>8</em></span> <span class='ocrx_word' id='word_1_6' title='bbox 704 897 773 965; x_wconf 86' lang='grc' dir='ltr'><strong><em>ιδ’·</em></strong></span> <span class='ocrx_word' id='word_1_7' title='bbox 794 898 931 980; x_wconf 81' lang='grc' dir='ltr'><strong><em>τούτους</em></strong></span> <span class='ocrx_word' id='word_1_8' title='bbox 951 897 1105 985; x_wconf 89' lang='grc' dir='ltr'><strong><em>πρόσθες</em></strong></span> <span class='ocrx_word' id='word_1_9' title='bbox 1125 902 1197 979; x_wconf 86' lang='grc' dir='ltr'><strong><em>τοῖς</em></strong></span> <span class='ocrx_word' id='word_1_10' title='bbox 1218 897 1287 984; x_wconf 87' lang='grc' dir='ltr'><strong><em>λβ’·</em></strong></span> <span class='ocrx_word' id='word_1_11' title='bbox 1315 897 1463 987; x_wconf 73' lang='grc' dir='ltr'><strong><em>γίνονται</em></strong></span> <span class='ocrx_word' id='word_1_12' title='bbox 1486 899 1591 980; x_wconf 90' lang='grc' dir='ltr'><strong><em>πόδες</em></strong></span> 
     </span>
     <span class='ocr_line' id='line_1_3' title="bbox 479 999 1087 1086; baseline -0.007 -17"><span class='ocrx_word' id='word_1_13' title='bbox 479 1001 534 1069; x_wconf 94' lang='grc' dir='ltr'><strong><em>λδ’</em></strong></span> <span class='ocrx_word' id='word_1_14' title='bbox 555 1007 577 1068; x_wconf 82' lang='lat' dir='ltr'><em>S</em></span> <span class='ocrx_word' id='word_1_15' title='bbox 599 999 666 1069; x_wconf 86' lang='grc' dir='ltr'><strong><em>ιδ’·</em></strong></span> <span class='ocrx_word' id='word_1_16' title='bbox 687 999 848 1068; x_wconf 79' lang='grc' dir='ltr'><strong><em>τοσούτου</em></strong></span> <span class='ocrx_word' id='word_1_17' title='bbox 869 1000 909 1067; x_wconf 92' lang='grc' dir='ltr'><strong><em>τδ</em></strong></span> <span class='ocrx_word' id='word_1_18' title='bbox 930 999 1087 1086; x_wconf 78' lang='grc' dir='ltr'><strong><em>ἐμβαδόν.</em></strong></span> 
     </span>
    </p>
   </div>
   <div class='ocr_carea' id='block_1_3' title="bbox 859 1165 1644 1259">
    <p class='ocr_par' dir='ltr' id='par_1_3' title="bbox 859 1165 1644 1259">
     <span class='ocr_line' id='line_1_4' title="bbox 859 1165 1644 1259; baseline -0.001 -23"><span class='ocrx_word' id='word_1_19' title='bbox 859 1165 1006 1251; x_wconf 74' lang='grc' dir='ltr'><strong><em>’Άλλως</em></strong></span> <span class='ocrx_word' id='word_1_20' title='bbox 1028 1165 1048 1258; x_wconf 88' lang='grc' dir='ltr'><strong><em>ή</em></strong></span> <span class='ocrx_word' id='word_1_21' title='bbox 1071 1171 1215 1259; x_wconf 80' lang='grc' dir='ltr'><strong><em>ψῆφος.</em></strong></span> <span class='ocrx_word' id='word_1_22' title='bbox 1606 1182 1644 1245; x_wconf 88' lang='lat'><strong><em>31</em></strong></span> 
     </span>
    </p>
   </div>
   <div class='ocr_carea' id='block_1_4' title="bbox 441 1279 1698 1884">
    <p class='ocr_par' dir='ltr' id='par_1_4' title="bbox 546 1279 1590 1378">
     <span class='ocr_line' id='line_1_5' title="bbox 546 1279 1590 1378; baseline 0.002 -20"><span class='ocrx_word' id='word_1_23' title='bbox 546 1279 665 1376; x_wconf 46' lang='grc' dir='ltr'><strong><em>’Ποίει</em></strong></span> <span class='ocrx_word' id='word_1_24' title='bbox 690 1289 749 1378; x_wconf 87' lang='grc' dir='ltr'><strong><em>τήν</em></strong></span> <span class='ocrx_word' id='word_1_25' title='bbox 774 1286 918 1356; x_wconf 89' lang='grc' dir='ltr'><strong><em>κάθετον</em></strong></span> <span class='ocrx_word' id='word_1_26' title='bbox 939 1289 997 1356; x_wconf 85' lang='grc' dir='ltr'><strong><em>καὶ</em></strong></span> <span class='ocrx_word' id='word_1_27' title='bbox 1019 1289 1078 1378; x_wconf 89' lang='grc' dir='ltr'><strong><em>τήν</em></strong></span> <span class='ocrx_word' id='word_1_28' title='bbox 1099 1288 1213 1374; x_wconf 81' lang='grc' dir='ltr'><strong><em>βάσιν·</em></strong></span> <span class='ocrx_word' id='word_1_29' title='bbox 1236 1288 1382 1375; x_wconf 78' lang='grc' dir='ltr'><strong><em>γίνονται</em></strong></span> <span class='ocrx_word' id='word_1_30' title='bbox 1404 1288 1510 1373; x_wconf 88' lang='grc' dir='ltr'><strong><em>πόδες</em></strong></span> <span class='ocrx_word' id='word_1_31' title='bbox 1532 1293 1590 1374; x_wconf 84' lang='grc' dir='ltr'><strong><em>ις’·</em></strong></span> 
     </span>
    </p>

    <p class='ocr_par' dir='ltr' id='par_1_5' title="bbox 441 1387 1592 1482">
     <span class='ocr_line' id='line_1_6' title="bbox 441 1387 1592 1482; baseline 0.003 -23"><span class='ocrx_word' id='word_1_32' title='bbox 441 1409 458 1459; x_wconf 79' lang='lat'><strong>5</strong></span> <span class='ocrx_word' id='word_1_33' title='bbox 479 1387 525 1461; x_wconf 81' lang='grc' dir='ltr'><strong><em>ὧν</em></strong></span> <span class='ocrx_word' id='word_1_34' title='bbox 545 1394 584 1460; x_wconf 89' lang='grc' dir='ltr'><strong><em>τδ</em></strong></span> <span class='ocrx_word' id='word_1_35' title='bbox 606 1398 627 1460; x_wconf 86' lang='lat' dir='ltr'><strong><em>S</em></strong></span> <span class='ocrx_word' id='word_1_36' title='bbox 649 1390 773 1479; x_wconf 74' lang='grc' dir='ltr'><strong><em>γίνεται</em></strong></span> <span class='ocrx_word' id='word_1_37' title='bbox 794 1390 840 1482; x_wconf 83' lang='grc' dir='ltr'><strong><em>η’·</em></strong></span> <span class='ocrx_word' id='word_1_38' title='bbox 862 1398 969 1458; x_wconf 82' lang='grc' dir='ltr'><strong><em>ταῦτα</em></strong></span> <span class='ocrx_word' id='word_1_39' title='bbox 990 1390 1051 1459; x_wconf 79' lang='grc' dir='ltr'><strong><em>ἐπὶ</em></strong></span> <span class='ocrx_word' id='word_1_40' title='bbox 1071 1393 1129 1479; x_wconf 87' lang='grc' dir='ltr'><strong><em>τήν</em></strong></span> <span class='ocrx_word' id='word_1_41' title='bbox 1149 1390 1297 1460; x_wconf 86' lang='grc' dir='ltr'><strong><em>κάθετον</em></strong></span> <span class='ocrx_word' id='word_1_42' title='bbox 1318 1391 1464 1478; x_wconf 79' lang='grc' dir='ltr'><strong><em>γίνονται</em></strong></span> <span class='ocrx_word' id='word_1_43' title='bbox 1485 1394 1592 1476; x_wconf 85' lang='grc' dir='ltr'><strong><em>πόδες</em></strong></span> 
     </span>
    </p>

    <p class='ocr_par' dir='ltr' id='par_1_6' title="bbox 477 1492 1698 1584">
     <span class='ocr_line' id='line_1_7' title="bbox 477 1492 1698 1584; baseline -0.002 -19"><span class='ocrx_word' id='word_1_44' title='bbox 477 1495 548 1582; x_wconf 70' lang='grc' dir='ltr'><strong><em>λό’·</em></strong></span> <span class='ocrx_word' id='word_1_45' title='bbox 576 1493 729 1581; x_wconf 83' lang='grc' dir='ltr'><strong><em>πρόσθες</em></strong></span> <span class='ocrx_word' id='word_1_46' title='bbox 748 1494 788 1562; x_wconf 88' lang='grc' dir='ltr'><strong><em>τδ</em></strong></span> <span class='ocrx_word' id='word_1_47' title='bbox 813 1492 884 1575; x_wconf 85' lang='grc' dir='ltr'><strong><em>ις’·</em></strong></span> <span class='ocrx_word' id='word_1_48' title='bbox 912 1497 1058 1579; x_wconf 78' lang='grc' dir='ltr'><strong><em>γίνονται</em></strong></span> <span class='ocrx_word' id='word_1_49' title='bbox 1081 1492 1185 1573; x_wconf 87' lang='grc' dir='ltr'><strong><em>πόδες</em></strong></span> <span class='ocrx_word' id='word_1_50' title='bbox 1205 1493 1270 1561; x_wconf 84' lang='grc' dir='ltr'><strong><em>λό’.</em></strong></span> <span class='ocrx_word' id='word_1_51' title='bbox 1313 1495 1372 1583; x_wconf 93' lang='grc' dir='ltr'><strong><em>τήν</em></strong></span> <span class='ocrx_word' id='word_1_52' title='bbox 1394 1494 1432 1561; x_wconf 76' lang='grc' dir='ltr'><strong><em>δὲ</em></strong></span> <span class='ocrx_word' id='word_1_53' title='bbox 1454 1495 1590 1584; x_wconf 86' lang='grc' dir='ltr'><strong><em>περίμο-</em></strong></span> <span class='ocrx_word' id='word_1_54' title='bbox 1695 1518 1698 1524; x_wconf 80' lang='grc'><strong><em>’</em></strong></span> 
     </span>
    </p>

    <p class='ocr_par' dir='ltr' id='par_1_7' title="bbox 477 1591 1590 1685">
     <span class='ocr_line' id='line_1_8' title="bbox 477 1591 1590 1685; baseline 0.001 -20"><span class='ocrx_word' id='word_1_55' title='bbox 477 1620 556 1683; x_wconf 94' lang='grc' dir='ltr'><strong><em>τρον</em></strong></span> <span class='ocrx_word' id='word_1_56' title='bbox 577 1592 755 1685; x_wconf 79' lang='grc' dir='ltr'><strong><em>εὑρήσομεν</em></strong></span> <span class='ocrx_word' id='word_1_57' title='bbox 777 1593 894 1675; x_wconf 79' lang='grc' dir='ltr'><strong><em>οὑτως·</em></strong></span> <span class='ocrx_word' id='word_1_58' title='bbox 923 1593 1045 1671; x_wconf 87' lang='grc' dir='ltr'><strong><em>σύνθες</em></strong></span> <span class='ocrx_word' id='word_1_59' title='bbox 1066 1595 1106 1660; x_wconf 88' lang='grc' dir='ltr'><strong><em>τό</em></strong></span> <span class='ocrx_word' id='word_1_60' title='bbox 1129 1591 1232 1681; x_wconf 84' lang='grc' dir='ltr'><strong><em>ήμισυ</em></strong></span> <span class='ocrx_word' id='word_1_61' title='bbox 1254 1597 1312 1685; x_wconf 87' lang='grc' dir='ltr'><strong><em>τής</em></strong></span> <span class='ocrx_word' id='word_1_62' title='bbox 1334 1595 1510 1685; x_wconf 79' lang='grc' dir='ltr'><strong><em>διαμέτρου</em></strong></span> <span class='ocrx_word' id='word_1_63' title='bbox 1532 1599 1590 1666; x_wconf 85' lang='grc' dir='ltr'><strong><em>καί</em></strong></span> 
     </span>
    </p>

    <p class='ocr_par' dir='ltr' id='par_1_8' title="bbox 477 1695 1589 1884">
     <span class='ocr_line' id='line_1_9' title="bbox 477 1695 1589 1789; baseline 0.001 -23"><span class='ocrx_word' id='word_1_64' title='bbox 477 1707 538 1789; x_wconf 81' lang='grc' dir='ltr'><strong><em>τῆς</em></strong></span> <span class='ocrx_word' id='word_1_65' title='bbox 559 1698 719 1766; x_wconf 83' lang='grc' dir='ltr'><strong><em>καθέτου·</em></strong></span> <span class='ocrx_word' id='word_1_66' title='bbox 744 1696 890 1783; x_wconf 80' lang='grc' dir='ltr'><strong><em>γίνονται</em></strong></span> <span class='ocrx_word' id='word_1_67' title='bbox 914 1695 951 1762; x_wconf 89' lang='grc' dir='ltr'><strong><em>ι’·</em></strong></span> <span class='ocrx_word' id='word_1_68' title='bbox 979 1698 1085 1762; x_wconf 78' lang='grc' dir='ltr'><strong><em>ταῦτα</em></strong></span> <span class='ocrx_word' id='word_1_69' title='bbox 1107 1695 1167 1763; x_wconf 84' lang='grc' dir='ltr'><strong><em>ε’πί</em></strong></span> <span class='ocrx_word' id='word_1_70' title='bbox 1188 1699 1255 1762; x_wconf 83' lang='grc' dir='ltr'><strong><em>τῶν</em></strong></span> <span class='ocrx_word' id='word_1_71' title='bbox 1276 1698 1333 1783; x_wconf 69' lang='grc' dir='ltr'><strong><em>κδ’</em></strong></span> <span class='ocrx_word' id='word_1_72' title='bbox 1356 1696 1502 1785; x_wconf 72' lang='grc' dir='ltr'><strong><em>γίνονται</em></strong></span> <span class='ocrx_word' id='word_1_73' title='bbox 1524 1700 1589 1768; x_wconf 87' lang='grc' dir='ltr'><strong><em>πό-</em></strong></span> 
     </span>
     <span class='ocr_line' id='line_1_10' title="bbox 479 1791 1367 1884; baseline -0.003 -16"><span class='ocrx_word' id='word_1_74' title='bbox 479 1803 534 1882; x_wconf 89' lang='grc' dir='ltr'><strong><em>δες</em></strong></span> <span class='ocrx_word' id='word_1_75' title='bbox 556 1798 619 1867; x_wconf 90' lang='grc' dir='ltr'><strong><em>σκ’·</em></strong></span> <span class='ocrx_word' id='word_1_76' title='bbox 642 1791 688 1864; x_wconf 82' lang='grc' dir='ltr'><strong><em>ὦν</em></strong></span> <span class='ocrx_word' id='word_1_77' title='bbox 707 1799 747 1866; x_wconf 91' lang='grc' dir='ltr'><strong><em>τδ</em></strong></span> <span class='ocrx_word' id='word_1_78' title='bbox 771 1797 827 1865; x_wconf 77' lang='grc' dir='ltr'><strong><em>ιδ’</em></strong></span> <span class='ocrx_word' id='word_1_79' title='bbox 849 1794 975 1884; x_wconf 75' lang='grc' dir='ltr'><strong><em>γίνεται</em></strong></span> <span class='ocrx_word' id='word_1_80' title='bbox 999 1795 1105 1876; x_wconf 89' lang='grc' dir='ltr'><strong><em>πόδες</em></strong></span> <span class='ocrx_word' id='word_1_81' title='bbox 1128 1795 1172 1863; x_wconf 90' lang='grc' dir='ltr'><strong><em>ιε’</em></strong></span> <span class='ocrx_word' id='word_1_82' title='bbox 1193 1803 1214 1863; x_wconf 86' lang='grc'><em>8</em></span> <span class='ocrx_word' id='word_1_83' title='bbox 1237 1795 1275 1878; x_wconf 81' lang='grc' dir='ltr'><strong><em>ζ’</em></strong></span> <span class='ocrx_word' id='word_1_84' title='bbox 1298 1798 1367 1865; x_wconf 87' lang='grc' dir='ltr'><strong><em>ιδ’·</em></strong></span> 
     </span>
    </p>
   </div>
   <div class='ocr_carea' id='block_1_5' title="bbox 423 1962 1645 3402">
    <p class='ocr_par' dir='ltr' id='par_1_9' title="bbox 423 1962 1645 3402">
     <span class='ocr_line' id='line_1_11' title="bbox 425 1962 1645 2057; baseline 0.005 -24"><span class='ocrx_word' id='word_1_85' title='bbox 425 1982 458 2033; x_wconf 87' lang='grc'><strong><em>10</em></strong></span> <span class='ocrx_word' id='word_1_86' title='bbox 579 1969 787 2057; x_wconf 81' lang='grc' dir='ltr'><strong><em>Μίτρήσις</em></strong></span> <span class='ocrx_word' id='word_1_87' title='bbox 806 1966 1015 2056; x_wconf 83' lang='grc' dir='ltr'><strong><em>τμήματος</em></strong></span> <span class='ocrx_word' id='word_1_88' title='bbox 1035 1962 1219 2051; x_wconf 88' lang='grc' dir='ltr'><strong><em>μείζονος</em></strong></span> <span class='ocrx_word' id='word_1_89' title='bbox 1238 1965 1489 2056; x_wconf 89' lang='grc' dir='ltr'><strong><em>ήμικυκλίου.</em></strong></span> <span class='ocrx_word' id='word_1_90' title='bbox 1605 1976 1645 2039; x_wconf 86' lang='grc'><strong><em>32</em></strong></span> 
     </span>
     <span class='ocr_line' id='line_1_12' title="bbox 552 2082 1591 2180; baseline 0.004 -25"><span class='ocrx_word' id='word_1_91' title='bbox 552 2083 661 2156; x_wconf 77' lang='grc' dir='ltr'><strong><em>’Ἑστω</em></strong></span> <span class='ocrx_word' id='word_1_92' title='bbox 686 2088 801 2173; x_wconf 81' lang='grc' dir='ltr'><strong><em>τμῆμα</em></strong></span> <span class='ocrx_word' id='word_1_93' title='bbox 827 2086 884 2153; x_wconf 89' lang='grc' dir='ltr'><strong><em>καί</em></strong></span> <span class='ocrx_word' id='word_1_94' title='bbox 912 2082 1014 2168; x_wconf 69' lang='grc' dir='ltr'><strong><em>ἐχέτω</em></strong></span> <span class='ocrx_word' id='word_1_95' title='bbox 1043 2087 1103 2174; x_wconf 88' lang='grc' dir='ltr'><strong><em>τήν</em></strong></span> <span class='ocrx_word' id='word_1_96' title='bbox 1130 2085 1230 2170; x_wconf 80' lang='grc' dir='ltr'><strong><em>βάσιν</em></strong></span> <span class='ocrx_word' id='word_1_97' title='bbox 1257 2091 1371 2156; x_wconf 80' lang='grc' dir='ltr'><strong><em>ποδῶν</em></strong></span> <span class='ocrx_word' id='word_1_98' title='bbox 1397 2089 1442 2172; x_wconf 90' lang='grc' dir='ltr'><strong><em>κ’,</em></strong></span> <span class='ocrx_word' id='word_1_99' title='bbox 1468 2093 1526 2180; x_wconf 93' lang='grc' dir='ltr'><strong><em>τήν</em></strong></span> <span class='ocrx_word' id='word_1_100' title='bbox 1553 2091 1591 2160; x_wconf 79' lang='grc' dir='ltr'><strong><em>δὲ</em></strong></span> 
     </span>
     <span class='ocr_line' id='line_1_13' title="bbox 477 2184 1589 2275; baseline 0.004 -19"><span class='ocrx_word' id='word_1_101' title='bbox 477 2189 622 2258; x_wconf 78' lang='grc' dir='ltr'><strong><em>κάθετον</em></strong></span> <span class='ocrx_word' id='word_1_102' title='bbox 643 2192 759 2256; x_wconf 83' lang='grc' dir='ltr'><strong><em>ποδῶν</em></strong></span> <span class='ocrx_word' id='word_1_103' title='bbox 779 2187 829 2254; x_wconf 92' lang='grc' dir='ltr'><strong><em>λ’·</em></strong></span> <span class='ocrx_word' id='word_1_104' title='bbox 859 2184 963 2275; x_wconf 82' lang='grc' dir='ltr'><strong><em>εὑρεῖν</em></strong></span> <span class='ocrx_word' id='word_1_105' title='bbox 986 2184 1087 2254; x_wconf 77' lang='grc' dir='ltr'><strong><em>αὑτοῦ</em></strong></span> <span class='ocrx_word' id='word_1_106' title='bbox 1107 2189 1147 2255; x_wconf 90' lang='grc' dir='ltr'><strong><em>τδ</em></strong></span> <span class='ocrx_word' id='word_1_107' title='bbox 1169 2186 1330 2274; x_wconf 72' lang='grc' dir='ltr'><strong><em>ἒμδαδόν·</em></strong></span> <span class='ocrx_word' id='word_1_108' title='bbox 1353 2190 1447 2260; x_wconf 85' lang='grc' dir='ltr'><strong><em>ποίει</em></strong></span> <span class='ocrx_word' id='word_1_109' title='bbox 1471 2192 1589 2273; x_wconf 83' lang='grc' dir='ltr'><strong><em>οὑτως·</em></strong></span> 
     </span>
     <span class='ocr_line' id='line_1_14' title="bbox 477 2287 1591 2381; baseline 0.003 -21"><span class='ocrx_word' id='word_1_110' title='bbox 477 2291 596 2380; x_wconf 68' lang='grc' dir='ltr'><strong><em>ἐπειδή</em></strong></span> <span class='ocrx_word' id='word_1_111' title='bbox 623 2291 736 2377; x_wconf 85' lang='grc' dir='ltr'><strong><em>μεῖζόν</em></strong></span> <span class='ocrx_word' id='word_1_112' title='bbox 764 2289 855 2358; x_wconf 77' lang='grc' dir='ltr'><strong><em>ἐστιν</em></strong></span> <span class='ocrx_word' id='word_1_113' title='bbox 876 2287 1083 2378; x_wconf 77' lang='grc' dir='ltr'><strong><em>ἡμικυκλίου,</em></strong></span> <span class='ocrx_word' id='word_1_114' title='bbox 1107 2294 1375 2381; x_wconf 82' lang='grc' dir='ltr'><strong><em>προσαναπλήρῶ</em></strong></span> <span class='ocrx_word' id='word_1_115' title='bbox 1395 2296 1452 2361; x_wconf 87' lang='grc' dir='ltr'><strong><em>τόν</em></strong></span> <span class='ocrx_word' id='word_1_116' title='bbox 1474 2295 1591 2363; x_wconf 84' lang='grc' dir='ltr'><strong><em>κύκλον</em></strong></span> 
     </span>
     <span class='ocr_line' id='line_1_15' title="bbox 477 2389 1590 2483; baseline 0.003 -23"><span class='ocrx_word' id='word_1_117' title='bbox 477 2395 536 2460; x_wconf 87' lang='grc' dir='ltr'><strong><em>καί</em></strong></span> <span class='ocrx_word' id='word_1_118' title='bbox 558 2391 697 2482; x_wconf 88' lang='grc' dir='ltr'><strong><em>εὑρίσκω</em></strong></span> <span class='ocrx_word' id='word_1_119' title='bbox 717 2392 777 2459; x_wconf 81' lang='grc' dir='ltr'><strong><em>τοὺ</em></strong></span> <span class='ocrx_word' id='word_1_120' title='bbox 798 2389 1032 2477; x_wconf 76' lang='grc' dir='ltr'><strong><em>ε’πιτμήματος</em></strong></span> <span class='ocrx_word' id='word_1_121' title='bbox 1053 2391 1111 2480; x_wconf 93' lang='grc' dir='ltr'><strong><em>τήν</em></strong></span> <span class='ocrx_word' id='word_1_122' title='bbox 1132 2391 1277 2460; x_wconf 86' lang='grc' dir='ltr'><strong><em>κάθετον</em></strong></span> <span class='ocrx_word' id='word_1_123' title='bbox 1291 2391 1407 2473; x_wconf 81' lang='grc' dir='ltr'><strong><em>οὑτως·</em></strong></span> <span class='ocrx_word' id='word_1_124' title='bbox 1430 2396 1590 2483; x_wconf 76' lang='grc' dir='ltr'><strong><em>λαμβάνω</em></strong></span> 
     </span>
     <span class='ocr_line' id='line_1_16' title="bbox 425 2489 1590 2586; baseline 0.002 -23"><span class='ocrx_word' id='word_1_125' title='bbox 425 2513 456 2563; x_wconf 82' lang='lat'><strong><em>15</em></strong></span> <span class='ocrx_word' id='word_1_126' title='bbox 479 2496 519 2563; x_wconf 90' lang='grc' dir='ltr'><strong><em>τδ</em></strong></span> <span class='ocrx_word' id='word_1_127' title='bbox 546 2501 566 2561; x_wconf 84' lang='grc'><em>8</em></span> <span class='ocrx_word' id='word_1_128' title='bbox 592 2496 651 2584; x_wconf 81' lang='grc' dir='ltr'><strong><em>τῆς</em></strong></span> <span class='ocrx_word' id='word_1_129' title='bbox 678 2493 871 2584; x_wconf 76' lang='grc' dir='ltr'><strong><em>διαμέτρου·</em></strong></span> <span class='ocrx_word' id='word_1_130' title='bbox 902 2489 1047 2578; x_wconf 79' lang='grc' dir='ltr'><strong><em>γίνονται</em></strong></span> <span class='ocrx_word' id='word_1_131' title='bbox 1075 2490 1181 2571; x_wconf 87' lang='grc' dir='ltr'><strong><em>πόδες</em></strong></span> <span class='ocrx_word' id='word_1_132' title='bbox 1211 2492 1252 2559; x_wconf 67' lang='grc' dir='ltr'><strong><em>ι’·</em></strong></span> <span class='ocrx_word' id='word_1_133' title='bbox 1278 2494 1383 2561; x_wconf 78' lang='grc' dir='ltr'><strong><em>ταῦτα</em></strong></span> <span class='ocrx_word' id='word_1_134' title='bbox 1409 2493 1465 2586; x_wconf 80' lang='grc' dir='ltr'><strong><em>ἐφ’</em></strong></span> <span class='ocrx_word' id='word_1_135' title='bbox 1488 2495 1590 2564; x_wconf 74' lang='grc' dir='ltr'><strong><em>ἑαυτά</em></strong></span> 
     </span>
     <span class='ocr_line' id='line_1_17' title="bbox 479 2592 1590 2688; baseline 0.002 -22"><span class='ocrx_word' id='word_1_136' title='bbox 479 2595 626 2685; x_wconf 74' lang='grc' dir='ltr'><strong><em>γίνονται</em></strong></span> <span class='ocrx_word' id='word_1_137' title='bbox 652 2596 757 2675; x_wconf 90' lang='grc' dir='ltr'><strong><em>πόδες</em></strong></span> <span class='ocrx_word' id='word_1_138' title='bbox 778 2594 822 2684; x_wconf 90' lang='grc' dir='ltr'><strong><em>ρ’·</em></strong></span> <span class='ocrx_word' id='word_1_139' title='bbox 844 2594 950 2661; x_wconf 75' lang='grc' dir='ltr'><strong><em>ταῦτα</em></strong></span> <span class='ocrx_word' id='word_1_140' title='bbox 970 2592 1092 2683; x_wconf 86' lang='grc' dir='ltr'><strong><em>μερίζω</em></strong></span> <span class='ocrx_word' id='word_1_141' title='bbox 1115 2595 1210 2684; x_wconf 81' lang='grc' dir='ltr'><strong><em>παραὶ</em></strong></span> <span class='ocrx_word' id='word_1_142' title='bbox 1230 2596 1273 2662; x_wconf 80' lang='grc' dir='ltr'><strong><em>τά</em></strong></span> <span class='ocrx_word' id='word_1_143' title='bbox 1294 2594 1326 2663; x_wconf 93' lang='grc' dir='ltr'><strong><em>λ’</em></strong></span> <span class='ocrx_word' id='word_1_144' title='bbox 1347 2605 1406 2688; x_wconf 83' lang='grc' dir='ltr'><strong><em>τῆς</em></strong></span> <span class='ocrx_word' id='word_1_145' title='bbox 1427 2598 1590 2668; x_wconf 86' lang='grc' dir='ltr'><strong><em>καθέτου·</em></strong></span> 
     </span>
     <span class='ocr_line' id='line_1_18' title="bbox 480 2695 1588 2789; baseline 0.003 -22"><span class='ocrx_word' id='word_1_146' title='bbox 480 2698 626 2788; x_wconf 75' lang='grc' dir='ltr'><strong><em>γίνονται</em></strong></span> <span class='ocrx_word' id='word_1_147' title='bbox 655 2697 757 2778; x_wconf 89' lang='grc' dir='ltr'><strong><em>πόδες</em></strong></span> <span class='ocrx_word' id='word_1_148' title='bbox 778 2696 811 2785; x_wconf 77' lang='grc' dir='ltr'><strong><em>μ’</em></strong></span> <span class='ocrx_word' id='word_1_149' title='bbox 833 2695 889 2785; x_wconf 75' lang='grc' dir='ltr'><strong><em>μ’·</em></strong></span> <span class='ocrx_word' id='word_1_150' title='bbox 915 2695 1021 2762; x_wconf 77' lang='grc' dir='ltr'><strong><em>ταῦτα</em></strong></span> <span class='ocrx_word' id='word_1_151' title='bbox 1043 2695 1255 2787; x_wconf 77' lang='grc' dir='ltr'><strong><em>προστίθημι</em></strong></span> <span class='ocrx_word' id='word_1_152' title='bbox 1276 2705 1348 2782; x_wconf 84' lang='grc' dir='ltr'><strong><em>τοῖς</em></strong></span> <span class='ocrx_word' id='word_1_153' title='bbox 1369 2701 1415 2768; x_wconf 89' lang='grc' dir='ltr'><strong><em>λ’·</em></strong></span> <span class='ocrx_word' id='word_1_154' title='bbox 1443 2698 1588 2789; x_wconf 75' lang='grc' dir='ltr'><strong><em>γίνονται</em></strong></span> 
     </span>
     <span class='ocr_line' id='line_1_19' title="bbox 479 2795 1588 2892; baseline 0.004 -23"><span class='ocrx_word' id='word_1_155' title='bbox 479 2801 534 2890; x_wconf 80' lang='grc' dir='ltr'><strong><em>λγ’</em></strong></span> <span class='ocrx_word' id='word_1_156' title='bbox 557 2800 613 2890; x_wconf 78' lang='grc' dir='ltr'><strong><em>μ’·</em></strong></span> <span class='ocrx_word' id='word_1_157' title='bbox 637 2796 722 2890; x_wconf 81' lang='grc' dir='ltr'><strong><em>αἴρω</em></strong></span> <span class='ocrx_word' id='word_1_158' title='bbox 744 2795 815 2867; x_wconf 86' lang='grc' dir='ltr'><strong><em>άπδ</em></strong></span> <span class='ocrx_word' id='word_1_159' title='bbox 837 2795 961 2866; x_wconf 93' lang='grc' dir='ltr'><strong><em>τούτων</em></strong></span> <span class='ocrx_word' id='word_1_160' title='bbox 981 2798 1023 2863; x_wconf 85' lang='grc' dir='ltr'><strong><em>τά</em></strong></span> <span class='ocrx_word' id='word_1_161' title='bbox 1045 2797 1091 2865; x_wconf 86' lang='grc' dir='ltr'><strong><em>λ’·</em></strong></span> <span class='ocrx_word' id='word_1_162' title='bbox 1114 2800 1223 2867; x_wconf 79' lang='grc' dir='ltr'><strong><em>λοιποὶ</em></strong></span> <span class='ocrx_word' id='word_1_163' title='bbox 1244 2798 1381 2886; x_wconf 77' lang='grc' dir='ltr'><strong><em>μένουσί</em></strong></span> <span class='ocrx_word' id='word_1_164' title='bbox 1401 2829 1461 2890; x_wconf 91' lang='grc' dir='ltr'><strong><em>μοι</em></strong></span> <span class='ocrx_word' id='word_1_165' title='bbox 1484 2805 1515 2892; x_wconf 78' lang='grc' dir='ltr'><strong><em>γ’</em></strong></span> <span class='ocrx_word' id='word_1_166' title='bbox 1538 2803 1588 2892; x_wconf 84' lang='grc' dir='ltr'><strong><em>γ’·</em></strong></span> 
     </span>
     <span class='ocr_line' id='line_1_20' title="bbox 479 2901 1589 2992; baseline 0.001 -18"><span class='ocrx_word' id='word_1_167' title='bbox 479 2902 565 2974; x_wconf 73' lang='grc' dir='ltr'><strong><em>ἔστω</em></strong></span> <span class='ocrx_word' id='word_1_168' title='bbox 598 2910 658 2972; x_wconf 81' lang='grc' dir='ltr'><strong><em>τοῦ</em></strong></span> <span class='ocrx_word' id='word_1_169' title='bbox 691 2902 923 2992; x_wconf 76' lang='grc' dir='ltr'><strong><em>ἑπιτμήματος</em></strong></span> <span class='ocrx_word' id='word_1_170' title='bbox 954 2902 1116 2984; x_wconf 87' lang='grc' dir='ltr'><strong><em>κάθετος·</em></strong></span> <span class='ocrx_word' id='word_1_171' title='bbox 1150 2901 1225 2991; x_wconf 83' lang='grc' dir='ltr'><strong><em>άρτι</em></strong></span> <span class='ocrx_word' id='word_1_172' title='bbox 1259 2902 1398 2992; x_wconf 78' lang='grc' dir='ltr'><strong><em>εὑρίσκω</em></strong></span> <span class='ocrx_word' id='word_1_173' title='bbox 1425 2905 1504 2975; x_wconf 82' lang='grc' dir='ltr'><strong><em>δ’λου</em></strong></span> <span class='ocrx_word' id='word_1_174' title='bbox 1530 2914 1589 2974; x_wconf 82' lang='grc' dir='ltr'><strong><em>τού</em></strong></span> 
     </span>
     <span class='ocr_line' id='line_1_21' title="bbox 423 3003 1590 3097; baseline 0.003 -24"><span class='ocrx_word' id='word_1_175' title='bbox 423 3021 458 3073; x_wconf 81' lang='lat'><strong><em>20</em></strong></span> <span class='ocrx_word' id='word_1_176' title='bbox 479 3007 600 3075; x_wconf 90' lang='grc' dir='ltr'><strong><em>κύκλου</em></strong></span> <span class='ocrx_word' id='word_1_177' title='bbox 626 3007 665 3073; x_wconf 87' lang='grc' dir='ltr'><strong><em>τδ</em></strong></span> <span class='ocrx_word' id='word_1_178' title='bbox 693 3004 856 3089; x_wconf 78' lang='grc' dir='ltr'><strong><em>ἒμβαδύν·</em></strong></span> <span class='ocrx_word' id='word_1_179' title='bbox 884 3003 1028 3091; x_wconf 78' lang='grc' dir='ltr'><strong><em>γίνονται</em></strong></span> <span class='ocrx_word' id='word_1_180' title='bbox 1056 3004 1161 3084; x_wconf 88' lang='grc' dir='ltr'><strong><em>πόδες</em></strong></span> <span class='ocrx_word' id='word_1_181' title='bbox 1183 3006 1261 3093; x_wconf 81' lang='lat' dir='ltr'><em>woy&#39;</em></span> <span class='ocrx_word' id='word_1_182' title='bbox 1282 3013 1316 3089; x_wconf 91' lang='lat' dir='ltr'><strong><em>S,</em></strong></span> <span class='ocrx_word' id='word_1_183' title='bbox 1346 3004 1391 3086; x_wconf 81' lang='grc' dir='ltr'><strong><em>υὺς</em></strong></span> <span class='ocrx_word' id='word_1_184' title='bbox 1412 3007 1590 3097; x_wconf 76' lang='grc' dir='ltr'><strong><em>προδέδει-</em></strong></span> 
     </span>
     <span class='ocr_line' id='line_1_22' title="bbox 481 3099 1590 3197; baseline 0.003 -21"><span class='ocrx_word' id='word_1_185' title='bbox 481 3134 568 3177; x_wconf 91' lang='grc' dir='ltr'><strong><em>κται.</em></strong></span> <span class='ocrx_word' id='word_1_186' title='bbox 608 3108 667 3176; x_wconf 89' lang='grc' dir='ltr'><strong><em>καί</em></strong></span> <span class='ocrx_word' id='word_1_187' title='bbox 687 3110 746 3175; x_wconf 82' lang='grc' dir='ltr'><strong><em>τοῦ</em></strong></span> <span class='ocrx_word' id='word_1_188' title='bbox 766 3106 997 3197; x_wconf 80' lang='grc' dir='ltr'><strong><em>ίπιτμήματος</em></strong></span> <span class='ocrx_word' id='word_1_189' title='bbox 1018 3104 1193 3196; x_wconf 86' lang='grc' dir='ltr'><strong><em>εὑρίσκεις,</em></strong></span> <span class='ocrx_word' id='word_1_190' title='bbox 1219 3105 1264 3187; x_wconf 87' lang='grc' dir='ltr'><strong><em>ιὺς</em></strong></span> <span class='ocrx_word' id='word_1_191' title='bbox 1277 3099 1508 3197; x_wconf 68' lang='grc' dir='ltr'><strong><em>’προεδίδαξα</em></strong></span> <span class='ocrx_word' id='word_1_192' title='bbox 1530 3111 1590 3179; x_wconf 86' lang='grc' dir='ltr'><strong><em>καί</em></strong></span> 
     </span>
     <span class='ocr_line' id='line_1_23' title="bbox 482 3206 1589 3299; baseline 0.002 -22"><span class='ocrx_word' id='word_1_193' title='bbox 482 3209 567 3299; x_wconf 75' lang='grc' dir='ltr'><strong><em>α’ίρω</em></strong></span> <span class='ocrx_word' id='word_1_194' title='bbox 594 3206 664 3278; x_wconf 85' lang='grc' dir='ltr'><strong><em>άπδ</em></strong></span> <span class='ocrx_word' id='word_1_195' title='bbox 691 3210 766 3279; x_wconf 81' lang='grc' dir='ltr'><strong><em>ὅλου</em></strong></span> <span class='ocrx_word' id='word_1_196' title='bbox 792 3211 852 3278; x_wconf 83' lang='grc' dir='ltr'><strong><em>τοῦ</em></strong></span> <span class='ocrx_word' id='word_1_197' title='bbox 879 3209 1015 3291; x_wconf 88' lang='grc' dir='ltr'><strong><em>κύκλου,</em></strong></span> <span class='ocrx_word' id='word_1_198' title='bbox 1037 3208 1095 3276; x_wconf 84' lang='grc' dir='ltr'><strong><em>καὶ</em></strong></span> <span class='ocrx_word' id='word_1_199' title='bbox 1115 3210 1155 3276; x_wconf 90' lang='grc' dir='ltr'><strong><em>τδ</em></strong></span> <span class='ocrx_word' id='word_1_200' title='bbox 1177 3210 1300 3276; x_wconf 86' lang='grc' dir='ltr'><strong><em>λοιπδν</em></strong></span> <span class='ocrx_word' id='word_1_201' title='bbox 1320 3210 1415 3278; x_wconf 75' lang='grc' dir='ltr'><strong><em>ἔσται</em></strong></span> <span class='ocrx_word' id='word_1_202' title='bbox 1436 3212 1496 3279; x_wconf 84' lang='grc' dir='ltr'><strong><em>τού</em></strong></span> <span class='ocrx_word' id='word_1_203' title='bbox 1516 3209 1589 3296; x_wconf 86' lang='grc' dir='ltr'><strong><em>μεί-</em></strong></span> 
     </span>
     <span class='ocr_line' id='line_1_24' title="bbox 482 3310 1351 3402; baseline -0.003 -20"><span class='ocrx_word' id='word_1_204' title='bbox 482 3313 577 3394; x_wconf 85' lang='grc' dir='ltr'><strong><em>ζονος</em></strong></span> <span class='ocrx_word' id='word_1_205' title='bbox 595 3312 765 3402; x_wconf 84' lang='grc' dir='ltr'><strong><em>τμήματος</em></strong></span> <span class='ocrx_word' id='word_1_206' title='bbox 785 3312 825 3380; x_wconf 86' lang='grc' dir='ltr'><strong><em>τὸ</em></strong></span> <span class='ocrx_word' id='word_1_207' title='bbox 847 3310 995 3398; x_wconf 81' lang='grc' dir='ltr'><strong><em>ίμβαδόν</em></strong></span> <span class='ocrx_word' id='word_1_208' title='bbox 1018 3311 1146 3396; x_wconf 74' lang='grc' dir='ltr'><strong><em>[καθώς</em></strong></span> <span class='ocrx_word' id='word_1_209' title='bbox 1166 3316 1351 3398; x_wconf 69' lang='grc' dir='ltr'><strong><em>προεῖπονλ</em></strong></span> 
     </span>
    </p>
   </div>
   <div class='ocr_carea' id='block_1_6' title="bbox 425 3454 1645 3694">
    <p class='ocr_par' dir='ltr' id='par_1_10' title="bbox 425 3454 1645 3694">
     <span class='ocr_line' id='line_1_25' title="bbox 735 3454 1645 3573; baseline -0.001 -24"><span class='ocrx_word' id='word_1_210' title='bbox 735 3454 942 3573; x_wconf 81' lang='grc' dir='ltr'><strong><em>Μίτρησις</em></strong></span> <span class='ocrx_word' id='word_1_211' title='bbox 962 3479 1097 3571; x_wconf 76' lang='grc' dir='ltr'><strong><em>ἑτέρου</em></strong></span> <span class='ocrx_word' id='word_1_212' title='bbox 1119 3479 1332 3570; x_wconf 82' lang='grc' dir='ltr'><strong><em>τμήματος.</em></strong></span> <span class='ocrx_word' id='word_1_213' title='bbox 1604 3503 1645 3566; x_wconf 84' lang='grc'><strong><em>33</em></strong></span> 
     </span>
     <span class='ocr_line' id='line_1_26' title="bbox 425 3598 1591 3694; baseline 0.003 -26"><span class='ocrx_word' id='word_1_214' title='bbox 425 3619 460 3669; x_wconf 81' lang='lat'><strong><em>25</em></strong></span> <span class='ocrx_word' id='word_1_215' title='bbox 555 3598 668 3671; x_wconf 74' lang='grc' dir='ltr'><strong><em>’Ἔστω</em></strong></span> <span class='ocrx_word' id='word_1_216' title='bbox 693 3603 808 3692; x_wconf 87' lang='grc' dir='ltr'><strong><em>τμῆμα</em></strong></span> <span class='ocrx_word' id='word_1_217' title='bbox 834 3601 893 3670; x_wconf 85' lang='grc' dir='ltr'><strong><em>καί</em></strong></span> <span class='ocrx_word' id='word_1_218' title='bbox 919 3598 1020 3684; x_wconf 78' lang='grc' dir='ltr'><strong><em>ἐχέτω</em></strong></span> <span class='ocrx_word' id='word_1_219' title='bbox 1042 3602 1102 3691; x_wconf 86' lang='grc' dir='ltr'><strong><em>τήν</em></strong></span> <span class='ocrx_word' id='word_1_220' title='bbox 1122 3601 1181 3686; x_wconf 82' lang='grc' dir='ltr'><strong><em>μὲν</em></strong></span> <span class='ocrx_word' id='word_1_221' title='bbox 1201 3599 1304 3688; x_wconf 77' lang='grc' dir='ltr'><strong><em>βάσιν</em></strong></span> <span class='ocrx_word' id='word_1_222' title='bbox 1325 3604 1442 3670; x_wconf 80' lang='grc' dir='ltr'><strong><em>ποδῶν</em></strong></span> <span class='ocrx_word' id='word_1_223' title='bbox 1463 3603 1510 3690; x_wconf 92' lang='grc' dir='ltr'><strong><em>μ’,</em></strong></span> <span class='ocrx_word' id='word_1_224' title='bbox 1532 3606 1591 3694; x_wconf 87' lang='grc' dir='ltr'><strong><em>τήν</em></strong></span> 
     </span>
    </p>
   </div>
   <div class='ocr_carea' id='block_1_7' title="bbox 480 3844 1590 4648">
    <p class='ocr_par' dir='ltr' id='par_1_11' title="bbox 549 3844 856 3910">
     <span class='ocr_line' id='line_1_27' title="bbox 549 3844 856 3910; baseline 0 -14"><span class='ocrx_word' id='word_1_225' title='bbox 549 3846 610 3896; x_wconf 74' lang='lat' dir='ltr'><strong>(lod.</strong></span> <span class='ocrx_word' id='word_1_226' title='bbox 623 3844 666 3910; x_wconf 61' lang='lat'><strong><em>111,</em></strong></span> <span class='ocrx_word' id='word_1_227' title='bbox 680 3844 702 3897; x_wconf 85' lang='lat' dir='ltr'>G</span> <span class='ocrx_word' id='word_1_228' title='bbox 714 3847 768 3897; x_wconf 84' lang='lat' dir='ltr'>des.</span> <span class='ocrx_word' id='word_1_229' title='bbox 781 3861 821 3897; x_wconf 83' lang='lat' dir='ltr'><strong><em>vs.</em></strong></span> <span class='ocrx_word' id='word_1_230' title='bbox 832 3846 856 3897; x_wconf 91' lang='grc'><strong><em>9.</em></strong></span> 
     </span>
    </p>

    <p class='ocr_par' dir='ltr' id='par_1_12' title="bbox 480 3919 1590 4321">
     <span class='ocr_line' id='line_1_28' title="bbox 551 3919 1588 3992; baseline 0 -16"><span class='ocrx_word' id='word_1_231' title='bbox 551 3927 575 3979; x_wconf 90' lang='grc'><strong><em>1.</em></strong></span> <span class='ocrx_word' id='word_1_232' title='bbox 592 3921 714 3992; x_wconf 81' lang='grc' dir='ltr'><strong><em>τούτους]</em></strong></span> <span class='ocrx_word' id='word_1_233' title='bbox 731 3923 866 3992; x_wconf 80' lang='grc' dir='ltr'><strong><em>ταύταςλ,</em></strong></span> <span class='ocrx_word' id='word_1_234' title='bbox 883 3924 970 3978; x_wconf 80' lang='grc' dir='ltr'><strong><em>ταῦτα</em></strong></span> <span class='ocrx_word' id='word_1_235' title='bbox 986 3923 1034 3977; x_wconf 71' lang='lat' dir='ltr'><strong><em>KG</em></strong></span> <span class='ocrx_word' id='word_1_236' title='bbox 1103 3919 1191 3982; x_wconf 80' lang='grc' dir='ltr'><strong><em>πόδες</em></strong></span> <span class='ocrx_word' id='word_1_237' title='bbox 1207 3924 1292 3977; x_wconf 69' lang='lat' dir='ltr'><strong>omli</strong></span> <span class='ocrx_word' id='word_1_238' title='bbox 1361 3927 1385 3979; x_wconf 86' lang='grc'><strong><em>2.</em></strong></span> <span class='ocrx_word' id='word_1_239' title='bbox 1403 3929 1450 3979; x_wconf 83' lang='grc' dir='ltr'><strong><em>καὶ</em></strong></span> <span class='ocrx_word' id='word_1_240' title='bbox 1467 3923 1588 3979; x_wconf 76' lang='grc' dir='ltr'><strong><em>ειιιειδ”</em></strong></span> 
     </span>
     <span class='ocr_line' id='line_1_29' title="bbox 480 4001 1590 4077; baseline -0.001 -18"><span class='ocrx_word' id='word_1_241' title='bbox 480 4005 576 4060; x_wconf 66' lang='lat' dir='ltr'><strong><em>affl</em></strong></span> <span class='ocrx_word' id='word_1_242' title='bbox 645 4010 669 4060; x_wconf 89' lang='lat'><strong><em>5.</em></strong></span> <span class='ocrx_word' id='word_1_243' title='bbox 686 4011 793 4077; x_wconf 76' lang='grc' dir='ltr'><strong><em>γίνεται</em></strong></span> <span class='ocrx_word' id='word_1_244' title='bbox 805 4005 889 4060; x_wconf 69' lang='grc' dir='ltr'><strong><em>υσεδ</em></strong></span> <span class='ocrx_word' id='word_1_245' title='bbox 957 4001 1047 4062; x_wconf 84' lang='grc' dir='ltr'><strong><em>πόδες</em></strong></span> <span class='ocrx_word' id='word_1_246' title='bbox 1058 4003 1143 4057; x_wconf 70' lang='grc' dir='ltr'><strong><em>οιαλλ</em></strong></span> <span class='ocrx_word' id='word_1_247' title='bbox 1211 4005 1235 4057; x_wconf 87' lang='grc'><strong><em>6.</em></strong></span> <span class='ocrx_word' id='word_1_248' title='bbox 1253 4003 1285 4057; x_wconf 84' lang='grc' dir='ltr'><strong><em>δὲ</em></strong></span> <span class='ocrx_word' id='word_1_249' title='bbox 1298 4006 1382 4059; x_wconf 86' lang='lat' dir='ltr'><strong>om.G</strong></span> <span class='ocrx_word' id='word_1_250' title='bbox 1451 4008 1476 4058; x_wconf 79' lang='grc'><strong><em>’1.</em></strong></span> <span class='ocrx_word' id='word_1_251' title='bbox 1493 4002 1590 4077; x_wconf 84' lang='grc' dir='ltr'><strong><em>ἥμισυ]</em></strong></span> 
     </span>
     <span class='ocr_line' id='line_1_30' title="bbox 480 4067 1589 4158; baseline -0.002 -18"><span class='ocrx_word' id='word_1_252' title='bbox 480 4085 553 4140; x_wconf 73' lang='grc' dir='ltr'><strong><em>δ”Ιὶ</em></strong></span> <span class='ocrx_word' id='word_1_253' title='bbox 623 4089 647 4140; x_wconf 81' lang='grc'><strong><em>8.</em></strong></span> <span class='ocrx_word' id='word_1_254' title='bbox 664 4085 794 4142; x_wconf 58' lang='lat' dir='ltr'><strong><em>&amp;ntum</em></strong></span> <span class='ocrx_word' id='word_1_255' title='bbox 863 4089 888 4140; x_wconf 86' lang='grc'><strong><em>9.</em></strong></span> <span class='ocrx_word' id='word_1_256' title='bbox 906 4067 1035 4151; x_wconf 71' lang='grc' dir='ltr'><strong><em>ὦν1οὑῦ</em></strong></span> <span class='ocrx_word' id='word_1_257' title='bbox 1103 4088 1210 4152; x_wconf 78' lang='grc' dir='ltr'><strong><em>γίνεται</em></strong></span> <span class='ocrx_word' id='word_1_258' title='bbox 1222 4085 1306 4137; x_wconf 65' lang='lat' dir='ltr'><strong><em>omli</em></strong></span> <span class='ocrx_word' id='word_1_259' title='bbox 1383 4088 1423 4138; x_wconf 85' lang='grc'><strong><em>13.</em></strong></span> <span class='ocrx_word' id='word_1_260' title='bbox 1442 4100 1589 4158; x_wconf 85' lang='grc' dir='ltr'><strong><em>προσανα·</em></strong></span> 
     </span>
     <span class='ocr_line' id='line_1_31' title="bbox 482 4160 1521 4247; baseline -0.001 -27"><span class='ocrx_word' id='word_1_261' title='bbox 482 4170 578 4240; x_wconf 83' lang='grc' dir='ltr'><strong><em>πληρῶ</em></strong></span> <span class='ocrx_word' id='word_1_262' title='bbox 594 4166 652 4235; x_wconf 86' lang='grc' dir='ltr'><strong><em>τὸν]</em></strong></span> <span class='ocrx_word' id='word_1_263' title='bbox 670 4165 742 4240; x_wconf 84' lang='grc' dir='ltr'><strong><em>πρὸς</em></strong></span> <span class='ocrx_word' id='word_1_264' title='bbox 757 4164 982 4241; x_wconf 83' lang='grc' dir='ltr'><strong><em>άνοιπλήρωτονλ</em></strong></span> <span class='ocrx_word' id='word_1_265' title='bbox 1067 4160 1168 4219; x_wconf 85' lang='grc' dir='ltr'><strong><em>κύκλον</em></strong></span> <span class='ocrx_word' id='word_1_266' title='bbox 1178 4182 1257 4247; x_wconf 75' lang='grc' dir='ltr'><strong><em>αειμιο</em></strong></span> <span class='ocrx_word' id='word_1_267' title='bbox 1271 4168 1301 4219; x_wconf 84' lang='grc' dir='ltr'><strong><em>οδ</em></strong></span> <span class='ocrx_word' id='word_1_268' title='bbox 1314 4165 1437 4221; x_wconf 81' lang='grc' dir='ltr'><strong><em>κάθετον</em></strong></span> <span class='ocrx_word' id='word_1_269' title='bbox 1449 4185 1496 4239; x_wconf 76' lang='lat' dir='ltr'><strong><em>om.</em></strong></span> <span class='ocrx_word' id='word_1_270' title='bbox 1510 4168 1521 4219; x_wconf 89' lang='lat'><em>1</em></span> 
     </span>
     <span class='ocr_line' id='line_1_32' title="bbox 484 4245 1588 4321; baseline 0.001 -19"><span class='ocrx_word' id='word_1_271' title='bbox 484 4253 524 4302; x_wconf 77' lang='lat'><strong><em>¹5.</em></strong></span> <span class='ocrx_word' id='word_1_272' title='bbox 542 4255 671 4321; x_wconf 78' lang='grc' dir='ltr'><strong><em>γίνονται</em></strong></span> <span class='ocrx_word' id='word_1_273' title='bbox 683 4249 768 4302; x_wconf 76' lang='grc' dir='ltr'><strong><em>οω.λλ</em></strong></span> <span class='ocrx_word' id='word_1_274' title='bbox 856 4252 895 4302; x_wconf 89' lang='grc'><strong><em>16.</em></strong></span> <span class='ocrx_word' id='word_1_275' title='bbox 914 4245 1054 4313; x_wconf 78' lang='grc' dir='ltr'><strong><em>τδ]τδνΙί</em></strong></span> <span class='ocrx_word' id='word_1_276' title='bbox 1142 4247 1181 4298; x_wconf 83' lang='grc'><strong><em>17.</em></strong></span> <span class='ocrx_word' id='word_1_277' title='bbox 1199 4250 1371 4316; x_wconf 79' lang='grc' dir='ltr'><strong><em>προστίθωλ</em></strong></span> <span class='ocrx_word' id='word_1_278' title='bbox 1438 4246 1588 4316; x_wconf 74' lang='grc' dir='ltr'><strong><em>τοῖς]τδιλί</em></strong></span> 
     </span>
    </p>

    <p class='ocr_par' dir='ltr' id='par_1_13' title="bbox 482 4327 1589 4648">
     <span class='ocr_line' id='line_1_33' title="bbox 553 4327 1587 4404; baseline 0 -21"><span class='ocrx_word' id='word_1_279' title='bbox 553 4333 591 4385; x_wconf 82' lang='grc'><strong><em>18.</em></strong></span> <span class='ocrx_word' id='word_1_280' title='bbox 610 4330 690 4404; x_wconf 80' lang='grc' dir='ltr'><strong><em>ἄρωλ</em></strong></span> <span class='ocrx_word' id='word_1_281' title='bbox 758 4327 907 4388; x_wconf 75' lang='grc' dir='ltr'><strong><em>τοὺςλἸΙλ</em></strong></span> <span class='ocrx_word' id='word_1_282' title='bbox 974 4328 1098 4398; x_wconf 77' lang='grc' dir='ltr'><strong><em>μένουσί</em></strong></span> <span class='ocrx_word' id='word_1_283' title='bbox 1106 4345 1159 4398; x_wconf 87' lang='grc' dir='ltr'><strong><em>μοι</em></strong></span> <span class='ocrx_word' id='word_1_284' title='bbox 1172 4327 1257 4380; x_wconf 67' lang='lat' dir='ltr'><strong><em>omli</em></strong></span> <span class='ocrx_word' id='word_1_285' title='bbox 1329 4330 1367 4382; x_wconf 86' lang='grc'><strong><em>19.</em></strong></span> <span class='ocrx_word' id='word_1_286' title='bbox 1386 4327 1587 4402; x_wconf 75' lang='grc' dir='ltr'><strong><em>ἔπιτμήματος]</em></strong></span> 
     </span>
     <span class='ocr_line' id='line_1_34' title="bbox 487 4400 1588 4486; baseline 0.001 -21"><span class='ocrx_word' id='word_1_287' title='bbox 487 4400 516 4486; x_wconf 70' lang='lat'><strong><em>5⁰5</em></strong></span> <span class='ocrx_word' id='word_1_288' title='bbox 526 4412 671 4486; x_wconf 84' lang='grc' dir='ltr'><strong><em>τμήματος</em></strong></span> <span class='ocrx_word' id='word_1_289' title='bbox 682 4422 708 4465; x_wconf 81' lang='lat' dir='ltr'><strong><em>et</em></strong></span> <span class='ocrx_word' id='word_1_290' title='bbox 720 4414 746 4464; x_wconf 87' lang='lat' dir='ltr'><strong><em>in</em></strong></span> <span class='ocrx_word' id='word_1_291' title='bbox 754 4429 832 4478; x_wconf 76' lang='lat' dir='ltr'><strong>marg.</strong></span> <span class='ocrx_word' id='word_1_292' title='bbox 844 4407 998 4467; x_wconf 76' lang='grc' dir='ltr'><strong><em>ἐλάσσονος</em></strong></span> <span class='ocrx_word' id='word_1_293' title='bbox 1006 4406 1171 4479; x_wconf 79' lang='grc' dir='ltr'><strong><em>εμήμαιοςΙ</em></strong></span> <span class='ocrx_word' id='word_1_294' title='bbox 1213 4409 1255 4460; x_wconf 88' lang='grc'><strong><em>20.</em></strong></span> <span class='ocrx_word' id='word_1_295' title='bbox 1267 4411 1408 4479; x_wconf 74' lang='grc' dir='ltr'><strong><em>γίνεταιλὶ</em></strong></span> <span class='ocrx_word' id='word_1_296' title='bbox 1454 4413 1496 4464; x_wconf 84' lang='grc'><strong><em>21.</em></strong></span> <span class='ocrx_word' id='word_1_297' title='bbox 1507 4409 1588 4466; x_wconf 75' lang='grc' dir='ltr'><strong><em>ἐλάσ-</em></strong></span> 
     </span>
     <span class='ocr_line' id='line_1_35' title="bbox 482 4488 1589 4566; baseline 0.002 -20"><span class='ocrx_word' id='word_1_298' title='bbox 482 4491 744 4566; x_wconf 81' lang='grc' dir='ltr'><strong><em>σονοςτμήματοςλ</em></strong></span> <span class='ocrx_word' id='word_1_299' title='bbox 813 4491 953 4562; x_wconf 75' lang='grc' dir='ltr'><strong><em>εὑρίσκωλ</em></strong></span> <span class='ocrx_word' id='word_1_300' title='bbox 1022 4490 1065 4541; x_wconf 92' lang='grc'><strong><em>22.</em></strong></span> <span class='ocrx_word' id='word_1_301' title='bbox 1083 4493 1161 4560; x_wconf 78' lang='grc' dir='ltr'><strong><em>αἴρω]</em></strong></span> <span class='ocrx_word' id='word_1_302' title='bbox 1175 4488 1250 4561; x_wconf 76' lang='grc' dir='ltr'><strong><em>ἔρωλ</em></strong></span> <span class='ocrx_word' id='word_1_303' title='bbox 1319 4490 1412 4545; x_wconf 79' lang='grc' dir='ltr'><strong><em>ἔστωλ</em></strong></span> <span class='ocrx_word' id='word_1_304' title='bbox 1480 4495 1522 4547; x_wconf 86' lang='grc'><strong><em>23.</em></strong></span> <span class='ocrx_word' id='word_1_305' title='bbox 1540 4512 1589 4548; x_wconf 84' lang='grc' dir='ltr'><strong><em>κα·</em></strong></span> 
     </span>
     <span class='ocr_line' id='line_1_36' title="bbox 484 4570 1199 4648; baseline -0.011 -18"><span class='ocrx_word' id='word_1_306' title='bbox 484 4576 542 4637; x_wconf 81' lang='grc' dir='ltr'><strong><em>θὼς</em></strong></span> <span class='ocrx_word' id='word_1_307' title='bbox 552 4582 695 4648; x_wconf 86' lang='grc' dir='ltr'><strong><em>προεῖπον</em></strong></span> <span class='ocrx_word' id='word_1_308' title='bbox 706 4592 754 4628; x_wconf 81' lang='lat' dir='ltr'><strong><em>om.</em></strong></span> <span class='ocrx_word' id='word_1_309' title='bbox 768 4575 792 4628; x_wconf 76' lang='grc' dir='ltr'><strong><em>Ιλ</em></strong></span> <span class='ocrx_word' id='word_1_310' title='bbox 861 4574 903 4625; x_wconf 85' lang='grc'><strong><em>24.</em></strong></span> <span class='ocrx_word' id='word_1_311' title='bbox 922 4571 1026 4640; x_wconf 78' lang='grc' dir='ltr'><strong><em>ἑτέρου]</em></strong></span> <span class='ocrx_word' id='word_1_312' title='bbox 1040 4571 1152 4641; x_wconf 81' lang='grc' dir='ltr'><strong><em>στερεοῦ</em></strong></span> <span class='ocrx_word' id='word_1_313' title='bbox 1164 4570 1199 4622; x_wconf 69' lang='lat' dir='ltr'><strong><em>lli</em></strong></span> 
     </span>
    </p>
   </div>
   <div class='ocr_carea' id='block_1_8' title="bbox 0 0 2003 5742">
    <p class='ocr_par' dir='ltr' id='par_1_14' title="bbox 0 0 2003 5742">
     <span class='ocr_line' id='line_1_37' title="bbox 0 0 2003 5742; baseline 0 0"><span class='ocrx_word' id='word_1_314' title='bbox 0 0 2003 5742; x_wconf 95' lang='lat' dir='ltr'><strong><em> </em></strong></span> 
     </span>
    </p>
   </div>
  </div>
 </body>
</html>
