3925 5742
753 849 997 905 DEFINlTloNES.
1402 858 1434 909 11

314 997 521 1087 ἡμικυκλίου
542 1001 581 1068 τὸ
605 1003 839 1090 περιεχόμενον
861 1012 972 1096 σχῆμα
994 1001 1064 1074 ύπὸ
1086 1003 1222 1088 εύθείας
1237 1009 1296 1076 καί
1313 1009 1434 1078 κύκλου

316 1102 548 1195 περιφερείας.

471 1292 535 1380 λβ’.
584 1291 697 1384 Τίςκ]
720 1294 761 1362 ίν
781 1294 960 1386 τμήματι
981 1294 1125 1365 κύκλου
1149 1295 1285 1383 γωνίας
1464 1305 1505 1368 34

401 1411 457 1481 Ἐν
478 1413 626 1503 τμήματι
648 1414 766 1483 κύκλου
789 1412 891 1502 γωνία
913 1412 1009 1496 ίστίν,
1032 1413 1111 1484 ὅταν
1132 1417 1193 1484 ἐπί
1213 1419 1274 1507 τῆς
1293 1441 1434 1508 περιφε-

289 1536 301 1583 5
319 1512 412 1602 ρείας
433 1517 494 1583 τού
513 1514 684 1604 τμήματος
705 1518 824 1608 ληφθῇ
844 1544 879 1585 τι
901 1522 1046 1607 σημεῖον,
1068 1514 1138 1585 ἀπὸ
1161 1519 1200 1587 δὲ
1220 1523 1282 1589 τού
1296 1519 1434 1610 σημείου

319 1617 379 1684 ἐπὶ
400 1618 445 1684 τὰ
468 1616 597 1705 πέρατα
616 1620 675 1707 τῆς
691 1616 826 1700 εὐθείας
840 1619 1089 1703 ἐπιζευχθῶσιν
1104 1618 1246 1688 εύθεῖαι.

394 1717 437 1788 ‘fl
453 1725 646 1812 περιεχομένηΙ
656 1724 741 1810 γωνία
757 1727 784 1791 ἔν
799 1730 841 1810 τῷ
858 1719 999 1812 σχήματί
1010 1727 1073 1790 ἔστι
1084 1721 1233 1814 τμήματος
1244 1727 1432 1815 κυκλογυίνου.

574 1945 632 2033 λγ’.
680 1943 728 2013 Τί
748 1946 835 2015 ἔστι
856 1948 1000 2033 τομεύς
1020 1947 1183 2029 κύκλους
1463 1954 1503 2016 35

409 2067 537 2150 Τομεύς
558 2066 596 2134 δὲ
616 2065 735 2135 κύκλου
757 2067 830 2135 ἒστί
850 2067 890 2134 τὸ
911 2066 1145 2154 περιεχόμενον
1167 2069 1276 2157 σχῆμα
1289 2066 1358 2137 ύπύ
1374 2067 1433 2137 δύο

286 2186 307 2236 ω
322 2167 378 2252 μὲν
399 2163 553 2249 εὐθειῶν,
574 2169 656 2252 μιᾶς
679 2169 717 2236 δὲ
731 2168 960 2260 περιφερείας·
983 2163 1059 2258 ἢτὸ
1072 2169 1306 2257 περιεχόμενον
1321 2178 1432 2260 σχῆμα

321 2266 387 2336 ύπὸ
413 2277 482 2337 τῶν
509 2271 567 2359 την
594 2263 694 2338 οὖσαν
715 2271 750 2340 ἐν
771 2270 880 2361 κύκλῳ
901 2268 1022 2358 γωνίαν
1043 2280 1267 2359 περιεχουσῶν
1289 2269 1432 2342 εύθειῶν

321 2373 377 2440 καί
398 2373 457 2460 τῆς
480 2368 795 2463 ἀπολαμβανομένης
815 2370 878 2441 ὑπ’
901 2370 1007 2441 αὐτῶν
1028 2371 1254 2463 περιφερείας.

321 2594 381 2660 λύ’.
426 2594 526 2682 Περί
553 2595 630 2661 τῶν
655 2595 698 2663 ίκ
721 2595 791 2664 δύο
811 2602 1092 2687 περιφερειῶν,
1107 2596 1314 2665 ἐπιπέδων
1337 2620 1432 2687 σχη-
1461 2601 1502 2666 36

321 2697 457 2780 μάτων
484 2697 553 2766 καί
574 2699 742 2783 λοιπῶν,
769 2698 953 2768 τουτέστι
975 2699 1069 2789 περὶ
1090 2701 1232 2789 κυρτῆς
1252 2700 1321 2767 καί
1342 2698 1432 2767 κοί-

286 2814 307 2863 15
695 2803 762 2891 λης
783 2801 1065 2891 περιφερείας.

402 2921 507 2986 Πᾶσα
534 2918 732 3009 περιφέρεια
759 2923 844 2990 κατὰ
869 2921 929 3009 μὲν
949 2923 1008 3011 τήν
1030 2924 1117 3013 πρὸς
1138 2924 1178 2991 τὸ
1199 2922 1432 3011 περιεχόμενον

321 3018 439 3109 χωρίον
465 3019 577 3109 νόησιν
598 3019 690 3112 κοίλη
712 3019 879 3109 καλεῖται,
906 3025 991 3092 κατὰ
1014 3026 1053 3092 δὲ
1073 3025 1131 3114 την
1151 3025 1239 3112 πρὸς
1259 3026 1298 3092 τὸ
1321 3023 1432 3112 περιέ·

321 3148 375 3206 χον
395 3147 506 3212 κυρτη.

629 3278 682 3346 λε’.
731 3276 779 3347 Τί
799 3279 891 3348 ἐστι
912 3277 1129 3370 μηνίσκος,·
1461 3291 1501 3354 37

286 3407 308 3458 20
403 3397 579 3487 Μηνίσκος
604 3396 713 3466 τοίνυν
738 3399 812 3468 ίστί
838 3401 877 3467 τὸ
899 3400 1132 3489 περιεχόμενον
1153 3400 1262 3485 σχῆμα
1282 3395 1351 3466 ύπό
1375 3396 1432 3464 δύο

321 3503 557 3591 περιφερειῶν·
588 3497 618 3594 [ἢ
641 3501 691 3570 δύο
716 3495 787 3572 ίλων
810 3502 876 3589 περί
898 3500 933 3570 τί
958 3502 1032 3571 οίυτί
1055 3507 1166 3592 κέντρον
1187 3499 1320 3590 ὑπεροχὴ
1335 3502 1432 3590 κοιλης

320 3604 366 3672 καί
388 3606 522 3696 κυρτῆς]
556 3600 580 3695 ἢ
606 3603 644 3671 τὰ
679 3602 914 3701 περιεχόμενρν
939 3600 1008 3673 ὑπὸ
1038 3605 1098 3673 δύο
1127 3602 1347 3695 περιφερειῶν
1373 3601 1434 3670 ἐπὶ

319 3707 360 3772 τὰ
381 3704 467 3774 αύτοί
488 3706 570 3797 μέρη
592 3708 635 3774 τοί
656 3708 752 3774 κοῖλα
773 3706 927 3792 ἐχουσῶν.

386 3940 410 3990 1.
430 3934 595 4008 ἡμικύκλιον
608 3937 630 3989 G
683 3940 706 3989 3.
727 3941 777 3996 Τίς
793 3954 841 3989 om.
854 3938 915 3990 FBC
929 3939 1013 4002 (habet
1026 3938 1048 3990 G
1061 3948 1088 3991 et
1100 3938 1185 4002 index)
1240 3938 1265 3986 4.
1276 3931 1313 3986 Ἡ
1323 3931 1354 3987 ἔν
1365 3929 1433 4004 τμη·

319 4017 423 4086 ματιίὶ
466 4021 517 4070 ’5.
536 4021 571 4083 τι]
586 4021 615 4069 τί
625 4018 675 4083 Ρίί,
688 4014 720 4070 τὸ
733 4019 752 4068 Β
765 4022 808 4084 (et,
823 4021 871 4069 nisi
882 4019 969 4085 fallor,
983 4019 1016 4085 G)
1086 4021 1109 4071 6.
1131 4015 1250 4080 εὐθείας]
1263 4014 1431 4086 γραμμῆςίί

386 4102 412 4152 1.
432 4096 462 4152 ἐν
475 4100 513 4167 τῷ
525 4096 649 4170 σχήματι
660 4100 726 4164 κτλ]
740 4098 770 4152 ἐν
782 4099 820 4167 τῷ
832 4096 955 4170 τμήματι
967 4099 1026 4152 ἐστὶ
1037 4093 1293 4170 τμήματοςκύκλου
1301 4098 1389 4163 γωνία
1399 4094 1431 4159 G,

320 4176 374 4233 ὑπὸ
386 4181 444 4233 τῶν
456 4179 677 4249 ἐπιζευχθεισῶν
688 4177 806 4233 εὐθειῶν
815 4181 858 4233 Da
927 4182 967 4232 11.
985 4171 1073 4233 οὖσαν
1085 4177 1121 4244 G,
1140 4175 1239 4231 οὐσίαν
1251 4177 1320 4241 PBG,
1332 4172 1433 4244 τυχού-

323 4274 373 4316 σαν
385 4264 427 4314 Da
491 4263 787 4333 περιεχοσῶνθίύηοο
800 4269 858 4312 ante
871 4264 976 4329 γωνίαν
1065 4263 1104 4311 13.
1123 4259 1194 4323 221³,
1208 4257 1297 4310 ἐνεοί.
1370 4255 1433 4308 ἐπι-

323 4341 418 4396 πέύων
430 4342 591 4413 σχημάτων]
604 4337 758 4414 τμημάτων
770 4342 790 4393 F
847 4344 887 4394 14.
906 4351 965 4410 post
977 4342 1103 4394 τουτέστι
1116 4356 1162 4406 pro
1175 4339 1241 4410 περὶ
1252 4348 1302 4390 εει.
1312 4338 1333 4389 F
1345 4338 1431 4390 habet:

324 4425 368 4488 τῆς
383 4426 482 4491 κοίλης
496 4425 543 4475 καὶ
559 4428 740 4497 περιφερείας
843 4425 883 4474 17.
902 4419 1009 4489 νόησιν]
1028 4423 1084 4474 εἰσι
1100 4422 1120 4472 F
1138 4422 1201 4473 etin
1213 4436 1292 4484 marg.
1308 4421 1366 4472 ίσιν

325 4506 363 4556 21.
385 4522 450 4573 quae
474 4507 568 4557 seclusi
594 4523 625 4558 εα
643 4507 728 4573 spuria
746 4521 804 4556 esse
823 4512 940 4571 apparet,
963 4504 1035 4571 prior
1053 4512 1136 4555 autem
1154 4519 1214 4569 pars
1232 4502 1342 4569 repetita
1360 4509 1400 4551 est
1419 4517 1432 4550 ε

326 4601 375 4652 τερ.
387 4588 434 4651 38;
447 4588 489 4639 Da
500 4588 587 4640 hahet:
600 4582 616 4654 ἢ
630 4584 682 4639 δύο
694 4583 801 4639 κύκλων
811 4581 852 4655 μὴ
863 4584 930 4656 περί
942 4585 973 4635 τὸ
986 4580 1053 4635 αὐτὸ
1067 4585 1182 4656 κέντρον
1194 4581 1295 4637 ύντωνε
1308 4578 1433 4652 ὑπεροχὴ

327 4670 416 4733 κοίλης
427 4669 476 4720 καὶ
485 4671 585 4742 κρυτῆς
653 4670 695 4721 23.
712 4666 826 4737 ἔχουσιν
837 4667 867 4732 F,
881 4666 926 4717 sed
938 4667 962 4715 id
974 4666 1058 4717 tribus
1070 4667 1170 4732 punctis
1183 4671 1295 4717 notatum

376 4755 431 4796 Ηετ.
446 4765 521 4806 geom.
536 4759 561 4798 et
573 4759 679 4798 τεετεοιιι.
1217 4757 1233 4803 2
