3925 5742
825 781 950 849 νιωιιε
969 796 1227 849 σοιιιιανιονεε.
1532 801 1582 851 ττι

472 946 652 1037 ἅνθρωπος
679 949 761 1032 ζῶόν
787 949 892 1032 ἔστιν,
921 948 1138 1035 ἀποκείμενον
1165 950 1224 1035 μέν
1245 950 1319 1019 έστι
1339 952 1379 1019 τό
1402 947 1584 1039 ἀνθρωπος

470 1053 558 1119 κατά
584 1053 660 1132 τούς
685 1051 904 1143 φιλοσόφους,
932 1051 1210 1143 κατηγορούμενον
1236 1055 1275 1120 δὲ
1301 1055 1340 1121 τό
1363 1054 1459 1135 ζῶον·
1490 1051 1523 1122 έν
1546 1056 1583 1121 δέ

471 1155 513 1243 τῇ
540 1151 723 1243 γεωμετρίᾳ
750 1149 770 1242 ἦ
799 1152 963 1240 πρότασις
989 1149 1011 1243 ἢ
1037 1152 1083 1234 ῶς
1108 1153 1286 1244 πρόβλημα
1309 1150 1331 1244 ἢ
1352 1153 1397 1235 ῶς
1418 1154 1581 1245 θεώρημα

472 1252 692 1341 λαμβάνεται,
722 1251 796 1321 ἀντὶ
820 1255 879 1339 μέν
905 1257 962 1323 τοῦ
989 1252 1208 1342 ἀποκειμένου
1233 1259 1292 1346 τῆς
1320 1255 1515 1343 προτάσεως
1543 1258 1582 1326 τό

434 1374 450 1424 5
474 1357 659 1442 δεδομένον,
682 1355 756 1423 ἀντὶ
777 1356 815 1423 δὲ
836 1364 897 1424 τοῦ
917 1358 1200 1448 κατηγορουμένου
1221 1361 1260 1426 τδ
1284 1359 1484 1448 ζητούμενον.

563 1459 691 1548 Ταύρου
716 1457 871 1526 Σιδονίου
899 1455 991 1526 ἐστιν
1016 1459 1197 1549 ὑπόμνημα
1225 1458 1273 1540 εἷς
1294 1460 1468 1529 πολιτείαν
1488 1460 1580 1529 moi-
1597 1466 1637 1527 72

470 1588 583 1645 τωνος,
605 1562 640 1631 ἐν
661 1554 688 1653 ᾧ
709 1558 781 1630 ἔστι
801 1563 920 1630 ταῦτα·
944 1559 1090 1650 ῶρίσατο
1112 1560 1131 1631 δ
1153 1562 1296 1631 Πλάτων
1310 1564 1369 1653 την
1383 1561 1582 1653 γεωμετρίαν

472 1665 508 1732 ἐν
521 1667 569 1754 τῷ
584 1664 720 1732 Μένωνι
734 1664 851 1744 ούτως·
875 1663 975 1746 δόξαν
996 1663 1100 1755 ὀρθήν
1115 1667 1275 1734 δοθεῖσαν
1291 1663 1402 1745 αἰτίας
1416 1668 1581 1756 λογισμῷ·

473 1765 703 1858 Ἀριστοτέλης
725 1764 758 1833 δ’
779 1764 954 1857 ὑπόληψιν
973 1768 1058 1853 μετά
1079 1763 1299 1848 ἀποδείξεως·
1323 1767 1438 1856 Ζήνων
1460 1767 1499 1835 δέ
1513 1766 1582 1848 ἕξιν

417 1885 451 1935 10
473 1870 560 1958 πράς
582 1870 684 1951 δεῖξιν
706 1877 898 1960 φαντασιῶν
924 1866 1171 1955 ἀμεταπτώτως
1192 1865 1366 1936 ὑποδίκου.
1413 1865 1582 1958 [Ἀρχιμή-

472 1973 534 2060 δης
567 1972 791 2059 Συρακούσιος
816 1970 948 2059 Δωρίδι
981 1971 1083 2062 φωνῇ.
1132 1967 1313 2060 Εὐκλείδης
1346 1966 1582 2039 Ἀπολλωνίου.

470 2069 636 2157 Εὔδοξος]

557 2178 637 2256 Πῶς
661 2174 773 2243 πόντα
797 2181 1020 2265 μορφωτικῶς
1044 2174 1103 2242 καὶ
1130 2176 1294 2262 μεριστῶς
1313 2180 1373 2263 τῆς
1395 2172 1582 2264 φαντασίας
1597 2179 1637 2240 73

473 2278 647 2368 δεχομένης
674 2274 792 2367 ἀμερές
816 2277 855 2344 τό
884 2283 1019 2365 σημεῖον
1045 2273 1063 2343 ὁ
1087 2275 1270 2366 γεωμέτρης
1290 2281 1380 2342 θεω-
1414 2321 1576 2328 ——-

416 2397 450 2447 15
472 2385 539 2468 ρεῖ,·
567 2380 626 2446 καὶ
657 2380 718 2469 γάρ
744 2380 806 2460 τάς
830 2380 896 2446 τῶν
922 2380 1040 2466 νοερῶν
1064 2378 1123 2445 καί
1150 2376 1255 2445 θείων
1283 2375 1380 2444 είδῶν

472 2481 636 2572 έμφύσεις
662 2479 682 2570 ἦ
714 2481 882 2571 φαντασία
909 2481 995 2548 κατά
1020 2480 1079 2570 την
1107 2476 1232 2547 οἰκείαν
1261 2483 1380 2566 δέχεται

471 2583 575 2672 φύσιν
600 2583 664 2649 τῶν
689 2583 749 2668 μὲν
775 2579 936 2670 ἀμόρφων
956 2579 1102 2671 μορφάς,
1130 2586 1195 2648 τῶν
1217 2580 1254 2648 δὲ
1276 2577 1380 2670 ἀσχη-

471 2683 640 2769 ματίστων
662 2682 812 2773 σχήματα
833 2687 1031 2771 προτείνουσα.

550 2783 625 2854 ’Ότι
647 2794 708 2874 τῆς
728 2786 953 2876 φανταστικῆς
974 2785 1133 2876 κινήσεως
1153 2786 1193 2852 τὸ
1216 2777 1305 2864 εἶδος
1327 2777 1402 2850 ούτε
1428 2808 1444 2840 τ
1466 2778 1502 2848 ἐκ
1524 2786 1582 2847 τοῦ
1598 2785 1637 2844 74

415 2905 450 2954 20
474 2886 627 2977 ἀμόρφου
650 2886 697 2968 είς
718 2890 757 2956 τδ
779 2887 1045 2976 μεμορφωμένον.
1090 2884 1121 2952 εί
1143 2887 1203 2972 γάρ
1225 2878 1264 2973 ἦν
1285 2882 1434 2971 μεριστή,
1458 2879 1518 2949 οάκ
1542 2875 1582 2947 ἀν

472 2991 550 3070 τούς
581 2990 722 3070 πολλούς
747 2989 873 3068 τύπους
897 2990 961 3054 τῶν
990 2985 1086 3055 είδῶν
1114 2987 1148 3054 έν
1175 2984 1257 3076 αὐτῇ
1284 2984 1401 3064 σώζειν
1427 2981 1580 3070 ἠδύνατο,

472 3093 537 3158 τῶν
564 3090 779 3159 ἐπεισιόντων
807 3089 1037 3180 ἀμυδρούντων
1062 3091 1140 3169 τοὺς
1161 3089 1228 3175 πρὸ
1252 3083 1365 3152 αὐτῶν.
1409 3081 1477 3150 εἴτε
1500 3079 1581 3168 ἀμέ-

473 3217 586 3279 ριστος
620 3200 680 3282 τῆς
717 3191 879 3274 διανοίας,
914 3189 985 3260 οὐδ’
1020 3187 1060 3258 ἀν
1092 3191 1309 3281 μορφωτικῶς
1341 3183 1489 3254 ἐποιεῖτο
1522 3185 1583 3264 τοὶς

474 3292 644 3385 ἐνεργείας.

418 3416 452 3465 25
559 3393 611 3463 A?
636 3394 735 3484 ἀρχαί
755 3403 814 3486 τῆς
835 3393 1035 3482 γεωμετρίας
1050 3396 1258 3482 διαιροῦνται
1279 3390 1327 3472 είς
1342 3386 1583 3487 ἀξίωμαύπό-
1598 3390 1638 3449 75

475 3504 583 3580 θεσιν,
607 3494 741 3588 α’ίτημα.
786 3495 821 3565 αἱ
845 3497 882 3565 δὲ
903 3499 987 3583 μετά
1009 3497 1068 3576 τάς
1091 3492 1192 3584 ἀρχάς
1212 3498 1420 3583 διαιροῦνται
1436 3488 1484 3571 είς
1498 3489 1582 3579 πρό-

474 3602 586 3688 βλημα
607 3600 665 3666 καί
688 3599 857 3688 θεώρημα.

1491 2452 1509 2484 α

478 3788 677 3798 ————-

545 3890 567 3940 1.
581 3888 694 3953 ἔστιτὸ]
707 3884 838 3941 ἔστινὸΡ
891 3883 1078 3956 ἵ.ὁρίσατοΙ4“
1131 3886 1155 3936 8.
1168 3881 1425 3951 Μένωνι]μένωνΒ
1479 3880 1519 3931 10.
1531 3876 1584 3947 ἀρ-

471 3966 612 4040 χιμήδους
623 3978 650 4021 et
661 3986 790 4037 suprascr.
804 3988 820 4034 η
832 3969 853 4020 F
918 3969 958 4020 13.
972 3968 1030 4020 vide
1043 3967 1126 4017 Procl.
1141 3983 1165 4032 p.
1179 3965 1211 4015 26
1223 3965 1280 4015 inde
1294 3981 1308 4014 a
1320 3978 1388 4013 vers.
1403 3964 1444 4026 27,
1457 3960 1499 4012 ubi
1510 3968 1583 4011 ante-

475 4052 567 4103 cedunt
583 4052 662 4104 verba
681 4054 748 4108 ἴσως
765 4046 792 4102 δ’
807 4046 843 4104 ἀν
860 4067 901 4106 τις
919 4043 1088 4118 ἀπορήσειεν
1180 4045 1219 4097 15.
1238 4046 1284 4097 καὶ
1296 4046 1404 4095 alterum
1417 4059 1464 4093 om.
1478 4042 1505 4106 B,
1519 4041 1584 4091 idem

475 4142 533 4200 post
545 4130 599 4204 γὰρ
611 4133 687 4184 hahet
699 4133 719 4184 F
808 4130 846 4182 16.
867 4129 977 4199 δέχεται
989 4128 1072 4180 addidi
1084 4142 1115 4177 ex
1127 4128 1164 4178 He
1242 4126 1282 4177 18.
1301 4127 1489 4195 προτείνουσα
1501 4122 1584 4172 addidi

475 4232 509 4266 ex
520 4216 556 4266 He
636 4216 676 4267 19.
696 4212 762 4265 conf.
775 4212 834 4262 ibid.
849 4212 1014 4263 indeavers.
1029 4211 1059 4262 31
1141 4216 1200 4274 post
1213 4199 1275 4258 ούτε
1287 4209 1347 4256 haec
1360 4205 1583 4272 ειιυίδεναιιτιμε-

475 4292 574 4367 ριστόν
590 4294 650 4347 ἐστι
666 4291 759 4363 μόνον
776 4289 840 4344 οὔτε
857 4291 1024 4362 ἀμέριστον,
1040 4284 1100 4340 ἀλλ’
1119 4287 1150 4340 ἐκ
1166 4290 1215 4339 τοῦ
1232 4283 1386 4357 ἀμερίστου
1402 4282 1533 4352 πρόεισιν
1546 4283 1585 4340 εἰς

475 4374 507 4428 τὸ
518 4373 655 4445 μεριστὸν
666 4375 723 4428 καλε
737 4382 785 4426 cet.
799 4374 857 4425 vide
870 4389 947 4439 supra
1005 4372 1046 4422 20.
1060 4366 1090 4420 τὸ
1102 4364 1306 4439 μορφούμενον
1317 4369 1352 4419 Ιίι
1403 4367 1444 4416 22.
1457 4362 1585 4417 ἔπισιόν-

475 4473 531 4510 των
542 4457 583 4509 BF
653 4450 863 4526 ἀμυδρούντων]
876 4453 1010 4525 ἀμυδρῶς
1021 4453 1077 4505 τῶν
1089 4451 1129 4501 BF
1200 4453 1254 4501 εἴτε
1265 4450 1347 4500 trihus
1360 4447 1458 4513 punctis
1472 4452 1584 4497 notatum

475 4548 502 4590 et
515 4540 540 4589 in
552 4555 631 4603 marg.
645 4533 708 4592 οἰίτε
720 4538 741 4588 F
822 4537 863 4587 23.
879 4531 1064 4606 μορφωτικάς
1074 4533 1110 4584 He
1194 4533 1235 4582 25.
1255 4528 1320 4581 conf.
1334 4528 1418 4579 Procl.
1432 4545 1455 4594 p.
1470 4528 1502 4578 22
1515 4542 1583 4577 vers.

477 4621 506 4671 11
523 4628 549 4671 et
562 4622 594 4670 25

1329 4698 1383 4749 18*
