3925 5742
773 858 867 910 LIBER
886 857 1103 912 GEEPONICUS.
1441 865 1491 916 219

378 1011 501 1098 χωρίου
525 1009 642 1090 οδτως·
664 1010 729 1091 θὲς
751 1010 835 1096 όμοῦ
856 1013 898 1080 τά
919 1013 968 1101 νχ’
991 1014 1048 1080 καί
1071 1015 1194 1082 τάνδ’·
1218 1014 1363 1102 γίνονται
1386 1017 1492 1098 πόδες

380 1116 447 1200 ρξ’·
475 1123 579 1183 ταῦτα
600 1113 695 1182 ποίει
717 1114 778 1183 ἐπὶ
800 1116 842 1182 τά
866 1116 1099 1201 χ’...λοιπδν
1121 1115 1266 1202 γίνονται
1288 1117 1490 1209 πόδεςτιή·

382 1215 478 1285 ἔσται
507 1211 565 1284 οὖν
591 1213 611 1305 ἦ
633 1217 691 1282 τοῦ
712 1216 876 1304 προτέρου
898 1217 1026 1302 πλευρά
1048 1217 1162 1306 ποδῶν
1183 1217 1268 1306 τιη’·
1293 1217 1313 1306 ή
1338 1218 1375 1286 δὲ
1395 1217 1491 1307 ἑτέρα

381 1320 507 1406 πλευρά
536 1319 650 1386 ποδῶν
672 1318 717 1404 χ’·
748 1320 790 1385 τά
819 1318 950 1405 ἐμβαδδ
976 1321 1036 1385 τοῦ
1065 1315 1137 1398 ἑνός
1158 1312 1302 1405 γίνονται
1324 1320 1411 1406 τμδ’,
1432 1323 1491 1390 καί

343 1441 358 1488 5
381 1430 441 1489 τοῦ
464 1417 564 1488 δίλλου
586 1418 691 1500 πόδες
711 1420 855 1508 ,βωξβ’.’

466 1519 582 1609 Εὑρεῖν
603 1521 723 1611 χωρίον
743 1521 863 1611 χωρίου
884 1531 925 1614 τῇ
948 1521 1135 1611 περιμέτρῳ
1158 1519 1243 1606 ἰ’σον,
1265 1523 1304 1590 τδ
1319 1523 1365 1592 ’δὲ
1384 1523 1491 1611 ἔμβα·
1505 1535 1546 1596 79

380 1627 438 1693 δδν
458 1622 715 1717 τετραπλάσιον·
736 1624 780 1691 τά
803 1623 838 1692 δ’
859 1625 997 1710 κάβισον
1017 1620 1072 1713 ἐφ’
1089 1621 1204 1690 ἑαυτά·
1227 1623 1372 1710 γίνονται
1388 1627 1492 1708 πόδες

379 1727 449 1810 ξδ’·
474 1721 553 1816 άρον
573 1726 704 1811 μονάδα
726 1727 775 1794 α’·
803 1728 925 1794 λοιπόν
947 1725 1092 1813 γίνονται
1115 1725 1218 1806 πόδες
1239 1727 1304 1813 ξγ’·
1331 1729 1490 1798 τοσοότου

379 1829 501 1920 ἑκάστη
523 1836 591 1897 τῶν
612 1827 817 1918 περιμέτρων
830 1830 896 1894 τῶν
911 1829 971 1895 δύο
987 1826 1208 1916 παραλλήλων
1222 1830 1378 1918 πλευρῶν.
1413 1830 1490 1898 δια·
1508 1857 1520 1896 ι

329 1948 359 1997 10
381 1933 509 1998 στεῖλαι
533 1924 589 1999 οὖν
609 1932 670 2010 τάς
691 1931 849 2019 πλευράς·
872 1932 964 1998 ποιῶ
987 1929 1104 2011 οὕτως·
1127 1937 1189 2011 θὲς
1210 1931 1253 1998 τά
1267 1930 1311 1996 δ’·
1336 1925 1414 2023 άρον
1427 1959 1489 2018 μο-
1560 1942 1578 1975 ’

378 2033 464 2099 υάδα
490 2031 584 2118 μίαν·
614 2033 736 2099 λοιπδυ
764 2033 813 2118 χ’·
841 2031 861 2122 ή
889 2032 953 2118 μία
982 2028 1039 2100 οὖν
1061 2034 1188 2120 πλευρά
1209 2034 1324 2100 ποδῶν
1345 2035 1385 2120 μ’·
1408 2033 1491 2124 ήδδ

380 2132 476 2222 ἑτέρα
503 2135 630 2223 πλευρὰ
658 2131 776 2210 οὕτως·
804 2141 871 2200 τῶν
896 2134 947 2220 ξχ’
970 2129 1051 2224 άρον
1070 2135 1183 2222 τάχ’·
1210 2137 1332 2203 λοιπόν
1352 2138 1491 2222 μένουσι

379 2235 484 2317 πόδες
511 2236 556 2317 ξ’·
588 2235 647 2303 τοῦ
676 2235 714 2301 δὲ
741 2231 851 2323 ἑτέρου
877 2234 999 2323 χωρίον
1027 2234 1121 2304 ποίει
1150 2234 1266 2316 οὕτως·
1301 2239 1344 2304 τά
1371 2239 1405 2306 δ’
1432 2237 1489 2329 ἐφ’

379 2336 482 2406 ἑαυτά
511 2336 656 2425 γίνονται
685 2335 791 2416 πόδες
813 2337 876 2418 ις’·
904 2334 976 2405 άπδ
998 2337 1122 2405 τούτων
1143 2331 1230 2424 δρον
1243 2338 1374 2424 μονάδα
1394 2340 1488 2426 μίαν·

324 2458 357 2507 15
378 2441 500 2508 λοιπὸν
522 2437 667 2526 γίνονται
689 2438 795 2518 πόδες
817 2438 870 2507 ιε’·
892 2441 1060 2507 τοσούτων
1079 2437 1172 2508 ἔσται
1192 2438 1212 2530 ή
1234 2439 1490 2531 πράτηπλευρά

380 2545 506 2628 [ποδῶν
528 2542 593 2625 ιεΊ.
627 2539 648 2630 ή
672 2540 709 2608 δὲ
732 2538 827 2630 ἑτέρα
848 2543 976 2630 πλευρά
999 2540 1117 2622 οὕτως·
1140 2534 1275 2627 άροντά
1292 2544 1333 2611 ιε’
1348 2546 1414 2612 τῶν
1429 2546 1488 2633 ἔχ’·
1507 2536 1522 2613 τΙ
1550 2534 1555 2542 “

377 2645 501 2712 λοιπόν
527 2641 672 2731 γίνονται
699 2643 773 2732 μή·
802 2640 895 2711 ἔσται
918 2642 938 2732 ἦ
962 2640 1043 2735 άλλη
1066 2647 1191 2730 πλευρά
1213 2648 1328 2715 ποδῶν
1348 2648 1421 2738 μή·
1449 2649 1490 2717 τό

380 2747 419 2816 δὲ
440 2748 588 2833 ἐμβαδὸν
609 2753 669 2814 τοῦ
690 2743 761 2826 ἓυδς
783 2747 897 2813 ποδῶν
918 2745 994 2835 ψκ’,
1017 2747 1075 2814 καὶ
1096 2750 1155 2814 τοῦ
1171 2744 1271 2816 άλλου
1287 2752 1404 2818 ποδῶν
1417 2750 1501 2837 ρπ”·

453 2847 565 2917 ’Ἐοτω
586 2847 808 2938 κολυμβήθρα
828 2847 885 2917 καὶ
907 2847 1007 2931 ἐχέτω
1027 2851 1067 2917 τό
1080 2852 1186 2939 μῆκος
1200 2853 1315 2918 ποδῶν
1330 2851 1356 2918 ι’
1371 2877 1399 2919 κ.
1416 2878 1444 2920 τ.
1460 2855 1488 2920 λ.
1505 2854 1546 2916 80

321 2958 651 3036 ωωωωω

454 3052 565 3123 ’Ἔστω
588 3053 691 3142 φρέαρ
712 3053 772 3121 καί
793 3051 895 3136 ἐχέτω
918 3052 1095 3142 διάμετρον
1118 3056 1233 3121 ποδῶν
1255 3054 1284 3121 ε’
1303 3080 1332 3121 κ.
1348 3081 1375 3122 τ.
1391 3058 1419 3123 λ.
1443 3061 1488 3135 (V.
1505 3064 1543 3128 81

378 3163 451 3225 ibid.
469 3164 531 3239 11).

455 3256 566 3327 ’Ἔστω
588 3260 699 3326 κοῦπα
720 3259 778 3324 καί
801 3254 900 3339 ἐχέτω
920 3257 980 3344 τήν
1001 3255 1091 3322 κάτω
1115 3256 1292 3346 διάμετρον
1314 3259 1429 3326 ποδῶν
1450 3258 1490 3344 ε’,
1505 3272 1546 3336 82

379 3363 440 3451 τήν
462 3360 499 3428 δὲ
521 3356 590 3428 άνω
612 3360 728 3427 ποδῶν
750 3358 792 3446 χ’,
813 3359 853 3424 τό
876 3357 915 3425 δὲ
935 3356 1025 3445 όψος
1046 3359 1161 3425 ποδῶν
1181 3359 1225 3448 η’·
1247 3360 1304 3426 καί
1319 3359 1419 3445 ίχέτω
1433 3363 1492 3430 τόν
1528 3449 1530 3452 ¹

323 3484 358 3533 25
381 3457 471 3531 οἶνον
492 3461 554 3542 ἕως
576 3463 690 3528 ποδῶν
712 3461 754 3541 ς’·
777 3460 871 3526 πόσα
893 3451 949 3527 οὖν
970 3458 1115 3546 κεράμια
1135 3460 1294 3550 χωρήσας
1320 3470 1412 3530 ποιῶ
1433 3462 1489 3550 οίίε

378 3589 459 3644 τως·
489 3560 625 3652 άφαιρῶ
651 3561 692 3629 τά
715 3561 746 3648 χ’
770 3557 841 3628 άπδ
863 3563 928 3627 τῶν
950 3559 994 3626 ε’·
1021 3561 1141 3628 λοιπδυ
1162 3562 1211 3647 β’·
1241 3566 1345 3631 ταῦτα
1366 3564 1426 3634 ἐπὶ
1447 3587 1490 3634 το

380 3666 414 3748 ς’
444 3663 589 3752 γίνονται
617 3664 682 3749 ιβ’·
709 3662 832 3731 τούτων
858 3664 897 3730 τδ
926 3661 967 3752 η’
990 3664 1134 3750 γίνονται
1157 3664 1190 3732 α’
1213 3673 1246 3732 C·
1273 3667 1330 3735 καί
1354 3664 1490 3758 ἀφαιρῶ

379 3770 440 3857 τήν
462 3766 497 3834 α’
521 3774 538 3834 C
561 3764 633 3836 άπὸ
653 3773 720 3833 τῶν
742 3765 782 3834 ε’·
802 3766 924 3834 λοιπδν
945 3766 977 3853 χ’
994 3773 1026 3833 C·
1049 3762 1143 3835 ἔσται
1160 3762 1216 3836 οὖν
1229 3770 1268 3837 τδ
1283 3770 1413 3851 πλάτος
1428 3771 1491 3852 ἕως

382 3867 468 3939 ὅπου
492 3867 510 3937 δ
532 3863 620 3948 οἶνος
642 3865 795 3955 άνίβαινε
816 3868 933 3936 ποδῶν
953 3869 984 3955 χ’
1008 3875 1035 3936 C.
1079 3870 1138 3937 καὶ
1159 3874 1250 3938 ποιῶ
1270 3873 1313 3938 τό
1334 3871 1368 3959 χ’
1391 3880 1409 3939 t
1431 3873 1521 3943 καὶι

323 3995 358 4044 30
383 3973 426 4039 τά
449 3971 486 4039 ε’·
510 3970 544 4060 η’
568 3978 585 4037 C
608 3968 751 4058 γίνονται
773 3970 892 4050 πόδες·
915 3962 960 4036 ῶν
982 3977 1000 4036 C
1023 3968 1149 4055 γίνεται
1171 3972 1203 4038 δ’
1224 3972 1281 4039 δ”·
1308 3974 1491 4041 καὶταῦτα

381 4069 437 4162 ἐφ’
460 4070 562 4140 ἑαυτά
584 4069 729 4160 γίνονται
752 4073 856 4153 πόδες
879 4073 926 4162 ιη’
951 4070 1015 4153 ις’·
1038 4074 1141 4139 ταῦτα
1160 4070 1332 4155 ἑνδεκάκις
1346 4074 1490 4162 γίνονται
1523 4091 1525 4097 ’

381 4174 461 4264 ρίξή
483 4182 501 4241 t
523 4173 566 4261 η’
589 4173 661 4255 ις’·
688 4173 812 4241 τούτων
838 4171 960 4262 μερίζω
981 4174 1021 4240 τὸ
1044 4174 1116 4241 ιδ’·
1146 4171 1291 4261 γίνονται
1313 4176 1419 4257 πόδες
1441 4176 1490 4245 ιδ’

383 4276 422 4358 ζ’
444 4275 506 4366 κη’
527 4274 607 4366 ριβ”
630 4275 726 4344 σκδ”·
754 4277 860 4342 ταῦτα
887 4284 979 4343 ποιῶ
1005 4276 1063 4344 ἐπὶ
1085 4277 1124 4344 τδ
1146 4275 1249 4366 ὕψος,
1277 4276 1338 4345 ἐπὶ
1358 4279 1436 4358 τοδς
1456 4278 1504 4361 ς’.

449 4516 475 4570 2.
492 4514 594 4587 pouy‘
607 4515 921 4567 mulluinoercidomm
990 4515 1014 4566 3.
1034 4516 1074 4566 15.
1090 4516 1128 4567 17.
1141 4513 1247 4568 &owe
1315 4515 1359 4567 λλ
1369 4516 1490 4583 apum

380 4600 464 4650 similo
476 4599 575 4666 quiden
583 4605 626 4650 m
634 4597 701 4650 Sur·
712 4595 743 4659 11,
753 4596 798 4660 123
812 4597 856 4647 sed
868 4603 951 4647 tmen
964 4598 1002 4648 itu
1013 4597 1098 4648 differt
1108 4596 1234 4662 smptura
1246 4597 1271 4647 in
1282 4596 1351 4661 M
1359 4598 1493 4665 bium

379 4680 498 4733 debuerit
566 4682 608 4732 31.
626 4677 682 4748 ἐφᾶ
694 4692 751 4730 ιιι
762 4687 821 4732 nou
834 4694 913 4746 τοις.
927 4678 951 4731 G
1019 4673 1173 4742 ἑτδειιάκιςῑ
1182 4677 1246 4730 BG
