3925 5742
917 834 1122 887 οοοιιιιτιιιι.
1343 798 1346 805 ’
1543 840 1576 891 ευ

457 989 570 1078 εὸρεῖν
589 990 630 1057 τὸ
650 988 798 1076 ἐμβαδὸν
820 987 931 1058 αὐτοῦ·
954 985 1233 1057 πολυπλασίασον
1253 990 1293 1057 τὸ
1315 991 1443 1074 ιτλοίτος
1461 992 1522 1062 διτὸ
1536 995 1577 1062 τὸ

458 1094 569 1182 μῆκος
600 1087 699 1180 ἤγουν
724 1092 768 1159 τὸ
794 1091 828 1180 γ’
856 1090 917 1160 ἐπὸ
944 1092 986 1158 τὸ
1012 1089 1056 1180 η’·
1085 1090 1233 1180 γίνονται
1259 1090 1323 1158 κδ’·
1351 1093 1410 1160 καὶ
1441 1091 1515 1164 ἔστι
1538 1096 1579 1164 τὸ

460 1195 612 1283 ἐμβαδὸν
631 1195 691 1261 τοῦ
712 1191 815 1263 αὐτοῦ
836 1192 1182 1284 παραλληλογράμμου
1204 1192 1358 1278 σχοινίων
1379 1195 1444 1264 κδ’·
1472 1190 1517 1265 ὧν
1536 1198 1576 1267 τὸ

459 1294 567 1388 ἥμισυ
590 1295 715 1384 γίνεται
738 1296 798 1384 ιβ’,
820 1296 879 1364 καὶ
900 1292 974 1364 ἔστι
997 1296 1057 1384 γῆς
1077 1292 1204 1382 μοδίων
1226 1295 1286 1383 ιβ’.

425 1422 441 1472 ε
541 1396 677 1489 Ἕτερον
703 1397 1043 1488 παραλληλόγραμμον
1069 1394 1287 1488 ὀρθογώνιον,
1316 1393 1336 1468 ὸ
1363 1402 1404 1490 δή
1428 1403 1486 1469 καὶ
1506 1399 1577 1471 ἑτε-
1591 1403 1632 1465 43

461 1500 609 1591 ρδμηιιες
630 1502 790 1584 καλεῖται,
814 1491 853 1568 οὗ
872 1500 916 1568 τὸ
936 1500 997 1586 μὸν
1017 1499 1104 1590 μήκη
1128 1497 1192 1568 οἷνὸ
1213 1500 1367 1584 σχοινίων
1391 1503 1449 1594 ιη’,
1476 1505 1518 1571 τὸ
1540 1504 1579 1573 δὲ

461 1731 549 1791 μενα
575 1703 637 1773 δνσὶ
663 1705 705 1773 τὸ
734 1703 783 1792 ιβ’
810 1710 871 1773 τοδ
896 1702 1045 1784 πλάτους
1071 1700 1218 1792 γίνονται
1246 1706 1326 1788 σις’·
1354 1707 1413 1775 καὶ
1439 1705 1513 1777 ἔστι
1538 1708 1578 1774 τὸ

462 1806 615 1894 ίμβαδὸν
635 1808 694 1875 τοῦ
716 1803 816 1876 αὐτοῦ
838 1805 1183 1896 παραλληλογράμμου
1206 1805 1359 1891 σχοινίων
1378 1808 1457 1891 σις’·
1480 1800 1526 1876 ὦν
1539 1810 1579 1878 τὸ

413 1931 442 1982 1ο
461 1908 711 2000 ἥμισυγίνεται
726 1907 844 1978 ἑκατὸν
858 1905 959 1978 ὸκτιδ·
978 1908 1038 1976 καὶ
1052 1904 1123 1976 ἔστι
1138 1909 1198 1999 γῆς
1210 1906 1337 1995 μοδίων
1350 1909 1467 1980 ἑκατὸν
1480 1907 1578 1980 ὸκτοί.

550 2010 898 2103 Παραλληλόγραμμον
918 2012 957 2080 τὸ
973 2008 1055 2080 αὸτὸ
1067 2010 1262 2098 τεμνόμενον
1276 2010 1325 2094 είς
1339 2012 1489 2105 διάφορα
1503 2010 1577 2106 εἷ’ὸη
1593 2019 1634 2080 44

462 2114 647 2205 τριγώνων,
674 2111 774 2205 ἤγουν
799 2113 848 2196 εἰς
873 2114 909 2185 ἓν
935 2111 1112 2203 ὀξυγώνιον
1133 2112 1316 2198 ἰσοσκελές,
1344 2114 1392 2196 είς
1413 2115 1474 2185 ὸιίο
1496 2139 1578 2184 σκα-

463 2218 548 2310 ληνὸ
569 2215 774 2308 ὸρβογιδνια,
789 2219 847 2286 καί
862 2215 911 2298 εἷς
925 2219 987 2287 δύο
1003 2214 1217 2306 δμβλυγοίνια
1231 2220 1378 2309 σκαληνὸ
1391 2217 1449 2287 ιιαὸ
1463 2219 1576 2286 ταῦτα.

888 2349 917 2402 δύ

976 2413 986 2435 ι
1038 2416 1076 2445 4.

550 3905 599 3976 Ἦ
623 3908 724 3997 βάσις
749 3910 806 3977 τοῦ
833 3906 1024 3988 ἶσοσκελοῦς
1045 3902 1222 3994 ὀξυγωνίσυ
1243 3905 1403 3996 τριγώνου
1425 3903 1579 3989 σχοινίων
1606 3933 1618 3972 ε

412 4034 445 4085 15
468 4011 650 4096 δεκαοίιτιδ,
672 4008 794 4100 ἑκάστη
817 4008 854 4079 δὸ
874 4011 939 4077 τῶν
960 4007 1043 4078 ἰ’σων
1057 4009 1207 4097 πλευρῶν
1220 4006 1373 4092 σχοινίων
1388 4005 1439 4076 ιε’.
1475 4008 1580 4075 ταῦτα

466 4111 528 4206 ἐφ’
551 4111 653 4183 ἑαυτὸ
679 4110 827 4201 γίνονται
853 4109 933 4179 σκε’·
960 4111 1019 4178 καί
1046 4111 1086 4179 τὸ
1112 4109 1216 4200 ἥμισυ
1242 4113 1300 4202 τῆς
1325 4108 1456 4198 βάσεως
1481 4105 1581 4200 ἤγουν

466 4218 512 4286 τὸ
533 4216 574 4285 θ’
596 4211 654 4306 ἐφ’
675 4213 777 4284 ἑαυτὸ
798 4211 943 4303 γίνονται
964 4212 1040 4282 τοτ’·
1061 4214 1166 4282 ταῦτα
1181 4210 1320 4305 ἀφαίρει
1340 4209 1411 4281 ἀπὸ
1425 4213 1491 4280 τῶν
1505 4211 1580 4280 σκε’·

538 4451 564 4501 5.
576 4443 691 4519 Ἕτερον
702 4461 750 4498 om.
765 4445 786 4496 D
855 4445 880 4497 6.
898 4441 929 4496 τὸ
941 4443 996 4515 μὲν
1006 4443 1128 4514 μῆκοςῦ
1197 4444 1221 4495 9.
1240 4439 1334 4510 αὐτοῦ]
1348 4438 1478 4496 τοιούτου
1490 4444 1512 4494 D

471 4533 514 4584 10.
531 4524 572 4597 δ”,
586 4529 680 4581 οιιιίεεο
691 4530 807 4597 γίνεται,
820 4526 840 4578 D
926 4522 967 4596 ρη’
980 4533 1089 4595 utroque
1102 4524 1191 4577 Ιοοοῦ
1279 4525 1317 4577 12.
1334 4518 1422 4595 ἤγουν
1431 4527 1512 4578 om.D

468 4609 501 4665 ἓν
514 4598 563 4662 oin.
576 4611 699 4663 hotrum.
711 4626 735 4677 p.
748 4610 782 4662 40
854 4606 893 4659 13.
911 4604 940 4675 β’
952 4607 975 4658 D
1043 4608 1138 4672 ταῦτα]
1151 4602 1220 4658 αὐτὸ
1233 4606 1255 4657 Β
1308 4607 1347 4657 15.
1367 4608 1479 4674 σχοινία
1491 4606 1513 4658 Ι)

472 4693 513 4744 16.
533 4686 594 4744 εντ’
606 4706 685 4760 usque
697 4691 729 4742 ιδ
741 4692 868 4760 γίνονται
881 4689 949 4753 (unte
962 4683 1027 4755 ποτ’)
1039 4705 1088 4741 om.
1104 4689 1124 4739 Ι)
1201 4686 1239 4740 17.
1257 4684 1372 4760 ἀφαιρῶ
1383 4687 1420 4740 λε
