3925 5742
431 796 478 837 m
893 774 1084 827 PRAEFATIO

430 927 487 995 ills
508 928 610 996 verba
633 927 790 995 scriberet
813 950 895 1016 quae
918 952 951 1017 p.
966 930 1091 1012 itala
1106 929 1141 994 in
1156 929 1289 1018 reliquis
1306 930 1431 998 desunt.
1477 928 1545 998 sed
1596 937 1599 944 '

431 1057 502 1103 eam
532 1058 601 1101 rem
632 1043 744 1101 contra
774 1058 808 1100 se
836 1035 957 1102 habere
981 1036 1131 1124 cognovi,
1156 1035 1314 1124 siquidem
1339 1045 1372 1104 et
1393 1037 1449 1104 ille
1471 1037 1545 1125 ipse

431 1142 531 1209 verba
560 1149 593 1207 et
619 1150 788 1230 praeterea
818 1142 881 1208 alia
908 1142 1064 1209 nonnulla
1093 1143 1214 1211 omissa
1242 1151 1317 1210 sunt
1343 1143 1379 1210 in
1402 1141 1439 1210 O.
1487 1139 1543 1209 Sic

432 1248 518 1314 enim
540 1248 616 1314 inde
639 1250 681 1316 ab
706 1242 754 1313 ἆεί
773 1248 818 1337 (p.
834 1248 974 1336 leun)
998 1250 1100 1315 verba
1125 1250 1245 1339 scripta
1268 1257 1357 1317 sunt:
1457 1297 1461 1303 -

1078 1375 1088 1405 ί

584 1404 629 1475 cisi
652 1404 702 1475 uui
725 1404 848 1474 πάντοτε
872 1406 918 1475 ἐπὶ
942 1403 979 1475 rei
1003 1410 1051 1475 1¹¹·
1074 1418 1099 1475 Γ
1121 1411 1183 1497 ρη’.
1213 1407 1262 1476 καὶ
1284 1405 1319 1476 ad

1009 1510 1244 1599 apdcltulreroig
1266 1516 1321 1603 prp'

1088 1613 1112 1638 nl

583 1665 627 1739 Pt'
650 1668 735 1753 πόδες
757 1675 827 1758 ,rp'
849 1675 915 1761 μα’·
941 1665 975 1742 uir
999 1677 1061 1742 au''
1083 1641 1108 1742 l*
1132 1672 1217 1756 πέδες
1238 1676 1352 1764 ppS'S
1374 1677 1424 1762 η”·
1448 1676 1543 1742 ταῦτα

431 1781 522 1868 Ergo
547 1805 620 1848 cum
644 1789 677 1846 et
699 1781 733 1846 in
756 1781 807 1845 his
830 1782 994 1847 laboraret
1017 1782 1138 1848 codicis
1162 1781 1321 1869 scriptura
1343 1805 1404 1848 nec
1420 1782 1455 1848 in
1469 1781 1543 1860 reli-

432 1887 504 1976 quis
536 1887 635 1953 ullam
664 1885 828 1975 propriam
856 1888 1087 1975 praestantiam
1116 1888 1248 1954 habere
1265 1887 1446 1972 videretur,
1469 1896 1545 1975 post

433 1995 547 2081 cap.2
582 1992 772 2059 varietatem
802 1992 951 2058 lectionis
980 1993 1055 2059 inde
1085 2002 1217 2060 enotare
1247 1993 1337 2058 desii,
1388 1993 1543 2081 Denique

432 2100 518 2188 quod
548 2100 801 2167 Ambrosianum
829 2123 849 2166 a
877 2099 965 2166 braio
999 2101 1120 2166 editum
1149 2098 1224 2188 (N)
1249 2122 1314 2164 non
1338 2085 1459 2166 contuli
1482 2099 1544 2165 nisi

432 2205 623 2294 quibusdam
647 2208 686 2273 de
709 2207 800 2289 locis,
826 2206 853 2271 si
876 2206 955 2294 quid
977 2209 1061 2273 forte
1084 2206 1248 2273 mentione
1264 2206 1396 2294 dignum
1417 2206 1543 2272 inveni-

431 2335 511 2397 rem,
537 2314 604 2379 eius
628 2316 675 2380 rei
700 2337 829 2380 oausam
855 2304 991 2401 exposui
1016 2313 1098 2379 infra
1121 2338 1152 2401 p.
1166 2313 1264 2380 XXI.

439 2408 446 2422 ⁴
521 2420 581 2486 VI.
627 2418 729 2486 Sexta
751 2443 828 2506 pars
851 2419 1112 2485 Heronisnarum
1136 2419 1345 2507 reliquiarum
1368 2419 1402 2485 in
1417 2419 1544 2486 duobus

431 2526 523 2593 libris
553 2525 633 2614 (IG)
663 2526 818 2613 inscripta
850 2535 899 2593 est
919 2515 1047 2609 ίἨρωνος
1076 2521 1142 2609 περὶ
1170 2525 1294 2612 μέτρων,
1324 2526 1357 2591 in
1387 2549 1452 2592 uno
1480 2525 1544 2614 (Κ)

424 2621 553 2717 ’Ἥρωνος
582 2627 822 2723 στερεωμετρρκοί.
867 2634 922 2699 Ex
951 2633 1002 2698 his
1031 2634 1167 2699 alterum
1196 2634 1327 2720 probari
1353 2656 1419 2700 non
1448 2656 1544 2722 posse

433 2739 509 2807 inde
543 2748 678 2827 apparet
711 2739 798 2828 quod
833 2740 929 2806 etiam
964 2736 1198 2826 ἕμβαδομετρικά
1232 2740 1386 2805 nonnulla
1419 2739 1454 2804 in
1483 2740 1544 2806 hac

435 2845 627 2912 collectione
657 2845 776 2912 insunt.
824 2844 924 2913 Cuius
946 2848 1008 2912 hoc
1032 2846 1174 2912 maxime
1197 2845 1362 2934 proprium
1385 2855 1435 2913 est
1458 2846 1544 2934 quod

433 2951 571 3040 singulis
599 2952 809 3040 problematis
838 2953 985 3038 Μέτρησιζ
1015 2952 1205 3039 inscriptum
1235 2952 1403 3041 reperitur.
1451 2951 1544 3038 Ergo

437 3050 596 3143 Μετρήσεις
625 3058 700 3123 olim
731 3081 803 3124 eam
834 3057 1056 3124 collectionem
1081 3058 1274 3145 appellatam
1301 3081 1372 3124 esse
1395 3056 1545 3123 coniicio.

433 3164 505 3232 Iam
528 3187 606 3231 vero
629 3165 663 3230 in
685 3165 736 3231 his
759 3164 891 3231 edendis
908 3188 1005 3252 quam
1020 3165 1179 3230 rationem
1201 3175 1329 3231 secutus
1352 3165 1421 3245 sim,
1443 3164 1545 3251 longa

435 3281 485 3337 est
508 3271 692 3360 disputatio,
717 3276 814 3360 quam
837 3281 906 3337 tum
929 3271 1059 3337 demum
1081 3271 1210 3359 plenam
1225 3293 1406 3360 proponere
1421 3269 1543 3352 licebit,

436 3403 510 3445 cum
534 3379 574 3445 de
598 3379 734 3468 origine,
758 3379 831 3460 fide,
856 3389 1047 3466 argumento
1071 3378 1166 3443 huius
1182 3377 1382 3444 collectionis
1398 3375 1544 3465 quaestio

436 3484 597 3572 copiosior
625 3485 771 3552 instituta
800 3485 868 3550 orit.
913 3485 1011 3550 Nunc
1033 3485 1176 3550 breviter
1201 3505 1416 3549 commemoro
1441 3481 1562 3547 codici⁴

435 3589 470 3656 K
492 3589 527 3654 in
550 3589 742 3676 quibusdam
764 3590 974 3678 problematis
999 3589 1067 3655 sine
1091 3589 1187 3655 dubio
1212 3590 1333 3677 primas
1356 3588 1545 3655 tribuendas

436 3719 522 3779 esse,
547 3695 604 3761 sed
628 3695 772 3762 eiusdem
798 3695 1023 3762 auctoritatem
1047 3695 1080 3763 in
1104 3695 1174 3761 aliis
1199 3696 1369 3762 admodum
1394 3695 1546 3782 exiguam

435 3801 553 3887 videri,
583 3825 621 3867 ac
650 3802 797 3868 similiter
825 3802 925 3869 libros
951 3803 969 3868 I
994 3812 1026 3868 et
1049 3801 1081 3869 G
1105 3827 1179 3869 suas
1202 3813 1375 3890 utrumque
1398 3802 1545 3885 virtutes,

436 3932 495 3976 sua
516 3908 596 3974 vitia
618 3909 746 3986 habere,
769 3909 815 3974 ita
837 3917 873 3974 ut
893 3907 1026 3973 minime
1049 3910 1090 3975 ad
1113 3918 1214 3976 totam
1236 3909 1459 3975 collectionem
1480 3931 1546 3974 una

436 4014 568 4083 criticae
590 4014 669 4081 artis
692 4015 774 4082 ratio
797 4016 914 4097 valeat,
932 4016 989 4082 sed
1005 4015 1068 4082 alia
1083 4015 1118 4081 in
1133 4016 1205 4083 aliis
1220 4014 1440 4103 problematis,
1464 4023 1545 4080 tam-

436 4147 534 4212 quam
557 4123 591 4189 in
614 4122 750 4189 diversis
774 4123 864 4190 libris
887 4123 1031 4205 edendis,
1057 4122 1279 4189 constituenda
1304 4122 1354 4188 sit.

525 4230 602 4295 VH.
649 4230 787 4297 Librum
815 4230 870 4318 qui
901 4230 1098 4319 geoponicus
1131 4229 1248 4296 dicitur
1279 4227 1435 4316 descripsi
1459 4251 1477 4293 e
1502 4225 1545 4294 G.

436 4333 489 4401 Ac
509 4336 597 4402 volui
620 4337 751 4424 quidem
767 4337 856 4402 adiro
871 4337 961 4402 illum
978 4336 1172 4402 Vaticanum
1188 4336 1333 4401 codicem
1349 4335 1435 4401 unde
1450 4333 1546 4400 huius

435 4440 575 4508 Parisini
599 4442 757 4531 scriptura
779 4443 916 4532 repetita
940 4451 1004 4528 est,
1028 4443 1084 4508 sed
1108 4466 1181 4508 cum
1204 4443 1239 4508 id
1262 4442 1371 4508 statim
1386 4441 1449 4506 hoc
1465 4450 1545 4506 tem-

349 4586 351 4589 ·
436 4570 515 4636 pore
537 4547 607 4614 fieri
629 4571 696 4614 non
718 4558 843 4637 posset,
874 4547 973 4615 satius
999 4549 1077 4615 duxi
1099 4550 1133 4615 in
1156 4549 1340 4638 praesentia
1362 4547 1546 4614 Parisinum
