3925 5742
827 750 1032 805 GEOMETRIA.
1451 758 1484 809 93

473 919 585 1012 ’Άλλη
606 916 627 1012 ἡ
649 920 830 1009 μέθοδος
851 921 909 1004 είς
929 925 974 993 τδ
996 919 1124 1014 εύρεῖν
1144 927 1190 995 τὸ
1210 927 1384 1015 έμβαδδν
1499 929 1540 990 54

595 1025 667 1092 τοῦ
688 1021 808 1093 αύεοῦ
829 1027 1262 1116 παραλληλογράμμου.

453 1123 502 1192 Ἡ
523 1123 626 1212 βάσις
651 1123 724 1206 ἓνδς
751 1124 890 1195 ἑκάστου
915 1127 1075 1216 τριγώνου
1097 1126 1251 1214 σχοινίων
1272 1127 1376 1200 ὀκτοί·
1406 1131 1484 1200 τού-

368 1253 437 1296 των
468 1228 509 1296 τδ
538 1224 642 1317 ἤμισυ
677 1224 802 1313 γίνεται
836 1228 878 1297 δ’·
909 1232 1014 1298 ταῦτα
1044 1227 1101 1320 ἐφ’
1127 1229 1228 1301 ἑαυτά
1253 1231 1400 1322 γίνονται
1429 1233 1483 1316 ις’·

332 1345 348 1393 5
369 1338 478 1399 ταῦτα
503 1327 564 1398 ἐπὶ
589 1329 646 1397 τὸν
667 1332 727 1419 τῆς
747 1329 895 1399 καθέτου
917 1332 1221 1420 πολυπλασιασμδν
1241 1330 1341 1425 ἤγουν
1362 1332 1422 1403 έπί
1443 1335 1486 1402 τά

369 1433 406 1523 η’
430 1432 474 1501 δ”
495 1431 537 1522 η’
560 1431 615 1514 ις’
644 1432 986 1519 πολυπλασιαζύμενα
1013 1432 1159 1521 γίνονται
1188 1436 1265 1520 ρλε’·
1294 1429 1338 1504 ὧν
1359 1436 1485 1526 πλευρά

370 1536 593 1625 τετραγωνικῆ
617 1534 668 1602 ια’
688 1541 709 1602 S
733 1534 790 1603 ιδ’
812 1535 876 1603 κα”
899 1533 981 1626 παρ’
1006 1534 1117 1624 ὀλίγον
1140 1540 1317 1623 παντελῶς,
1333 1535 1409 1630 ἤτοι
1422 1563 1483 1626 μο-

370 1635 473 1716 νάδες
494 1635 544 1704 ια’
565 1635 625 1704 καὶ
644 1637 752 1704 λεπτά
774 1636 839 1704 κα”
861 1637 927 1705 κα”
948 1638 1004 1726 ιγ’·
1025 1640 1190 1709 τοσούτων
1205 1640 1359 1724 σχοινίων
1372 1641 1444 1711 τδέ
1469 1683 1486 1694 -

370 1739 481 1824 βαδδν
500 1740 560 1807 τοῦ
580 1734 653 1819 ἓνδς
676 1736 834 1824 [ἑκάστου]
857 1741 1026 1832 τριγώνου.
1061 1741 1256 1835 ἀμφοτέρων
1278 1744 1315 1812 δέ
1334 1752 1399 1812 τῶν
1414 1770 1485 1834 τρι-

319 1863 350 1913 ιο
373 1839 486 1928 γιύνων
507 1836 584 1930 ἤτοι
603 1846 663 1908 τοῦ
685 1837 762 1909 ὅλου
785 1845 1003 1931 ρομβοειδούς
1018 1846 1359 1935 παραλληλογράμμου
1374 1848 1414 1915 τδ
1427 1843 1484 1934 ἐμ-

371 1944 481 2030 βαδδν
508 1938 661 2026 σχοινίων
686 1943 739 2030 κγ’
768 1943 806 2026 ζ’
834 1944 894 2012 ιδ’
919 1945 1000 2033 μβ”·
1029 1939 1076 2014 σίν
1102 1947 1205 2038 ἤμισυ
1232 1945 1358 2036 γίνεται
1387 1949 1438 2018 ια’
1465 1955 1486 2016 8

373 2042 433 2112 ιδ’
454 2043 529 2111 κα”·
551 2043 609 2112 καὶ
630 2040 703 2112 ἔστι
724 2045 852 2131 μοδίων
873 2047 1047 2116 τοσούτων.

462 2144 501 2216 ‘fl
523 2149 660 2232 παρούσα
682 2151 808 2238 μέθοδος
831 2147 1025 2238 ἀκριβεστέρα
1049 2151 1112 2220 ἔστί
1134 2154 1185 2242 τῆς
1207 2153 1334 2245 πρύτης.

452 2252 587 2343 Ἕτερον
613 2253 824 2341 ῥομβοειδές,
852 2247 890 2322 οὗ
915 2252 951 2322 αί
971 2256 1032 2341 μέν
1052 2258 1118 2323 τῶν
1139 2259 1289 2348 πλευρῶν
1310 2258 1372 2328 άνδ
1393 2282 1483 2345 σχοι·
1500 2268 1541 2328 55

321 2377 354 2427 15
375 2354 457 2424 νίων
478 2355 536 2443 ιβ’,
560 2352 595 2423 αί
618 2354 657 2423 δέ
679 2351 741 2422 άνδ
763 2354 918 2440 σχοινίων
946 2356 983 2438 ι’,
1009 2357 1067 2426 καί
1088 2353 1109 2447 ἤ
1131 2355 1194 2444 μία
1215 2362 1280 2427 τῶν
1302 2360 1486 2448 διαγωνίων

376 2456 532 2543 σχοινίων
557 2455 601 2547 η’·
630 2459 682 2525 δεῖ
707 2456 768 2546 γὰρ
795 2456 1050 2549 προστίθεσθαι
1073 2456 1126 2527 άεὶ
1147 2459 1207 2529 ἐπὶ
1227 2467 1298 2544 τοῖς
1318 2463 1487 2544 τοιούτοις

377 2562 440 2629 διδ
460 2561 499 2630 τδ
521 2556 663 2628 άτακεον
683 2559 742 2627 καὶ
762 2558 843 2645 μίαν
863 2562 928 2627 τῶν
950 2558 1144 2649 διαγωνίων.
1177 2563 1301 2633 τούτων
1323 2568 1361 2634 δὲ
1381 2564 1487 2647 ούτως

375 2668 603 2756 ὑποκειμένων
634 2665 788 2756 γεγόνασι
821 2667 880 2737 δύο
911 2669 1054 2757 τρίγωνα
1081 2670 1226 2761 σκαληνὰ
1254 2664 1417 2757 ύξυγοίνια
1443 2667 1485 2735 τά

376 2770 452 2842 άπδ
472 2774 531 2861 τῆς
553 2773 730 2860 διαγωνίου
751 2776 809 2845 καί
829 2779 894 2844 τῶν
915 2779 1066 2867 πλευρῶν
1086 2779 1311 2870 περιεχόμενα,
1334 2770 1379 2846 ὧν
1393 2775 1413 2869 ἡ
1428 2778 1485 2864 μέ·

319 2890 355 2941 20
375 2898 494 2968 τρησις
515 2873 582 2962 ἤχει
605 2875 718 2960 ούτως.
760 2875 782 2969 ἤ
804 2878 953 2949 έλάσσων
975 2882 1101 2970 πλευρά
1123 2879 1195 2962 ἓνδς
1209 2879 1350 2950 ἑκάστου
1363 2881 1487 2949 τούτων
1514 2908 1526 2947 ι

376 2975 533 3064 σχοινίων
555 2976 653 3061 ὀκτώ,
673 2978 693 3071 ἤ
715 2981 754 3051 δὲ
773 2980 894 3067 μείζων
915 2985 1041 3072 πλευρά
1063 2981 1215 3067 σχοινίων
1237 2983 1274 3068 ι’,
1296 2981 1316 3073 ἤ
1341 2983 1379 3052 δέ
1399 2979 1487 3052 ύπο-

374 3080 531 3150 τείνουσα
550 3081 652 3169 βάσις
673 3081 825 3168 σχοινίων
847 3084 906 3172 ιβ’.
948 3086 991 3153 τά
1014 3084 1101 3154 ύκτιδ
1123 3087 1182 3175 τῆς
1195 3086 1373 3165 ἐλάσσονος
1386 3086 1486 3153 πλευ·

376 3191 440 3270 ρᾶς
462 3180 518 3275 ἐφ’
540 3181 640 3253 ἑαυτά
662 3184 807 3272 γίνονται
828 3185 891 3269 ξδ’,
913 3186 971 3255 καί
993 3187 1036 3254 τδ
1058 3187 1084 3254 ι’
1106 3189 1165 3277 τῆς
1181 3186 1329 3274 μείζονας
1344 3186 1488 3275 πλευρᾶς

376 3283 434 3375 ἐφ’
462 3283 564 3354 ἑαυτά
591 3285 736 3374 γίνονται
764 3288 805 3379 ρ’,
833 3290 891 3357 καὶ
918 3290 960 3356 τά
989 3289 1040 3377 ιβ’
1065 3292 1126 3381 τῆς
1151 3289 1281 3376 βάσεως
1308 3283 1365 3379 ἐφ’
1386 3286 1487 3356 ἑαυτά

319 3407 354 3459 25
378 3386 525 3475 γίνονται
546 3388 634 3477 ρμδ’.
679 3385 782 3480 εύρεῖν
801 3390 861 3480 τῆν
881 3389 1041 3459 κάθετον·
1065 3390 1186 3472 σύνθες
1205 3391 1263 3459 τδν
1282 3391 1342 3480 τῆς
1355 3388 1486 3476 βάσεως
1512 3417 1526 3457 ι

377 3491 682 3578 πολυπλασιασμδν
708 3491 766 3559 καὶ
793 3493 852 3560 τδν
872 3493 933 3582 τῆς
953 3490 1131 3575 έλάσσονος
1152 3494 1296 3583 πλευρᾶς
1324 3489 1424 3584 ἤγουν
1444 3493 1486 3560 τδ

377 3592 458 3683 ρμδ’
485 3594 544 3661 καὶ
568 3594 612 3661 τά
638 3594 700 3675 ξδ’·
730 3593 875 3681 γίνονται
901 3594 966 3685 ση’·
994 3594 1032 3678 έξ
1052 3587 1097 3663 ὧν
1117 3595 1199 3683 λάβε
1218 3597 1278 3664 τδν
1297 3596 1356 3685 τῆς
1375 3592 1488 3685 ἑτέρας

377 3698 524 3786 πλευρᾶς
556 3697 859 3784 πολυπλασιασμδν
889 3694 989 3786 ἤγουν
1014 3699 1056 3766 τά
1083 3697 1126 3785 ρ’·
1156 3699 1262 3768 λοιπά
1289 3697 1352 3789 ρη’·
1379 3689 1425 3764 ὧν
1449 3699 1489 3766 τδ

376 3795 482 3888 ἤμισυ
508 3796 635 3885 γίνεται
660 3798 724 3866 νδ’·
749 3802 852 3868 ταῦτα
872 3799 1072 3889 μεριζόμενα
1095 3801 1186 3892 παρὰ
1207 3801 1250 3868 τά
1273 3801 1321 3886 ιβ’
1343 3801 1401 3888 τῆς
1421 3796 1488 3885 βά-

322 3917 355 3969 30
377 3925 463 3981 σεως
484 3896 629 3987 γίνονται
651 3900 684 3968 δ’
705 3907 740 3968 S·
761 3900 927 3970 τοσούτων
948 3902 1102 3986 σχοινίων
1123 3901 1143 3992 ἦ
1166 3902 1267 3990 βάσις
1281 3909 1340 3969 τοῦ
1353 3900 1488 3991 ἤττονος

375 4002 557 4094 τμήματος.
599 4005 705 4071 ταῦτα
727 4001 783 4094 ἐφ’
804 3999 905 4071 ἑαυτά
927 4001 1074 4090 γίνονται
1096 4003 1129 4072 κ’
1152 4003 1205 4071 δ”·
1226 4011 1330 4071 ταῦτα
1351 4000 1488 4086 ύπέξελε

378 4102 450 4174 άπδ
481 4110 541 4174 τοῦ
573 4105 657 4172 κατὰ
686 4106 745 4194 τήν
775 4106 919 4196 πλευρὰν
952 4108 1258 4193 πολυπλασιασμού
1289 4103 1388 4195 ἤγουν
1416 4103 1487 4172 άπδ

449 4336 765 4390 1.hunctitulumom.1)
821 4334 926 4403 ³4¹1)
978 4333 1092 4389 4.S''D
1144 4338 1169 4389 7.
1188 4332 1332 4402 ιδ”]δ”1)
1383 4329 1489 4388 Mud-

378 4429 448 4469 στου
460 4433 509 4468 om.
522 4416 545 4468 A
615 4419 654 4470 11.
674 4420 787 4487 σχοινία
799 4417 820 4468 1)
885 4418 925 4470 12.
942 4418 989 4470 καὶ
1002 4416 1062 4471 ἔστι
1072 4416 1184 4488 μοδίων
1195 4415 1338 4472 τοσούτων
1350 4432 1397 4470 om.
1411 4417 1433 4468 l)

379 4498 419 4549 13.
437 4495 470 4551 δέ
482 4505 541 4566 post
553 4500 684 4570 παροῦσα
695 4499 787 4550 εδδ.Ι]
841 4499 880 4550 17.
899 4495 1026 4551 δίειμί)
1078 4497 1321 4569 21.σχοινίαη’1)
1373 4495 1485 4567 22.η’1)

446 4579 487 4631 26.
506 4574 557 4633 τὸν
568 4596 614 4632 om.
629 4580 650 4631 1)
720 4579 760 4632 28.
778 4575 823 4643 S“,
838 4580 930 4631 omisso
941 4585 1057 4649 γίνεται,
1070 4581 1092 4631 D
