3925 5742
812 807 1017 862 GEOMETRIA.
1420 809 1469 861 10⁹

353 985 415 1026 ται
438 958 496 1026 63'·
525 952 570 1027 ών
596 960 722 1046 πλευρὰ
749 952 949 1047 τετράγωνος
972 960 1096 1047 γίνεται
1117 962 1163 1029 λ’·
1188 960 1353 1029 τοσούτων
1374 956 1471 1029 ἔσται

355 1061 514 1147 σχοινίων
539 1062 579 1130 τὸ
607 1061 752 1146 ἐμβαδὸν
777 1061 839 1128 καί
860 1064 919 1128 τοὺ
940 1063 1094 1130 τοιούτου
1116 1062 1286 1151 τριγώνου.
1330 1062 1388 1129 καί
1409 1061 1470 1130 ἐπὶ
1496 1082 1509 1120 ³

355 1164 486 1244 παντὸς
512 1164 549 1232 δὲ
574 1161 734 1249 τριγώνου
765 1160 784 1250 6
811 1160 1022 1247 6660609‘
988 1162 1069 1253 αύτη
1098 1163 1219 1247 ἰσχύει
1247 1160 1291 1244 ώς
1317 1156 1405 1233 ειναι
1431 1164 1470 1231 τὸ

356 1265 509 1392 ἐμβαδὸν
528 1267 588 1333 τοὺ
611 1262 687 1333 ὅλου
709 1261 889 1352 τραπεζίου
912 1261 1135 1353 ὀξυγωνίου
1117 1273 1203 1352 ομού
1226 1264 1377 1349 σχοινίων
1398 1262 1470 1350 μβ’·

321 1389 336 1437 5
357 1395 404 1434 ων
425 1367 529 1456 ἥμισυ
552 1364 677 1453 γίνεται
699 1366 766 1448 κα’,
790 1367 847 1434 καί
869 1364 941 1435 ἔστι
964 1371 1023 1457 γῆς
1043 1367 1170 1454 μοδίων
1191 1368 1364 1436 τοσούτων.

450 1469 638 1557 Τραπέζιον
660 1465 902 1555 α’μβλυγώνιον,
929 1463 969 1537 οὑ
990 1469 1010 1558 6
1033 1471 1094 1556 μὲν
1115 1471 1215 1558 βύσις
1236 1468 1391 1554 σχοινίων
1414 1467 1469 1551 ις’,
1485 1476 1526 1538 82

356 1569 378 1662 6
410 1573 448 1639 δὲ
474 1569 537 1657 μία
566 1573 694 1660 πλευραὶ
720 1566 849 1657 ἦπερὸ
875 1572 935 1659 τήν
962 1568 1123 1658 ἀμβλεῖαν
1150 1571 1305 1656 σχοινίων
1332 1571 1368 1655 ι’,
1391 1569 1411 1661 6
1435 1570 1472 1638 δὲ

356 1675 494 1799 κορυφή
509 1671 662 1758 σχοινίων
684 1671 781 1798 6666,
803 1668 823 1761 6
849 1668 925 1740 δὸτ
907 1670 1128 1742 υποτείνουσα
1150 1674 1303 1757 σχοινίων
1325 1673 1380 1755 ιζ’.
1418 1671 1472 1740 εὑ·
1498 1692 1511 1730 ν

358 1780 428 1900 ρεῖν
456 1776 496 1843 τὸ
522 1774 682 1862 ε’μβαδόν
711 1772 804 1842 ποίει
827 1770 943 1855 οὑτως
971 1772 1067 1864 ἤχθω
1090 1773 1345 1867 παράλληλος
1323 1778 1394 1842 απὸ
1414 1774 1473 1862 τῆς

304 1893 338 1943 10
358 1875 613 2003 ὑποτειγούσης,
641 1874 714 1967 η’τις
741 1873 884 1960 ἄχθεῖσοί
910 1876 983 1945 ἐστι
1012 1877 1165 1962 σχοινίων
1193 1879 1229 1946 ι’.
1274 1878 1352 1946 ἐπεὶ
1374 1864 1472 1963 οὑνη

358 2004 489 2068 κορυφη
482 1978 585 2046 ’ἐστι
608 1975 761 2062 σχοινίων
782 1974 879 2060 ἓπτοί,
903 1975 998 2046 ε’σται
1022 1977 1124 2071 αὑτῆς
1144 1981 1202 2048 καί
1223 2007 1242 2069 η
1233 1977 1473 2070 παράλληλος
1519 2007 1526 2026 ·

359 2079 514 2165 σχοινίων
536 2079 634 2148 ἓπτοί·
659 2076 705 2159 ώς
727 2073 876 2147 εἶναιτὸ
897 2082 1006 2148 λοιπὰ
1028 2089 1087 2170 τῆς
1108 2084 1257 2173 γραμμῆς
1271 2084 1330 2172 τῆς
1344 2079 1474 2167 βάσεως

359 2179 516 2266 σχοινίων
542 2183 593 2250 6¹·
621 2182 679 2248 καὶ
706 2178 832 2268 ἐγένετο
853 2181 1010 2270 τρίγωνον
1032 2181 1266 2272 ύμβλυγώνιον,
1291 2176 1329 2251 οὑ
1350 2181 1371 2272 6
1394 2181 1474 2268 περὶ

358 2286 420 2374 την
442 2281 603 2370 α’μβλεῖαν
624 2285 749 2373 πλευρὰ
771 2282 925 2366 σχοινίων
948 2284 984 2368 ι’,
1007 2284 1065 2351 καὶ
1087 2281 1108 2374 6
1131 2284 1233 2371 βάσις
1252 2281 1406 2368 σχοινίων
1420 2281 1473 2366 6‘,

305 2400 339 2449 15
361 2387 422 2454 καί
444 2384 464 2474 6
486 2384 706 2454 ὑποτείνουσα
728 2383 881 2469 σχοινίων
904 2386 958 2469 ιζ’·
981 2386 1246 2476 ἐπιβαλλομένης
1266 2385 1304 2452 δὲ
1319 2387 1360 2474 τῇ
1374 2383 1474 2471 βάσει

360 2486 500 2568 εύθείας
527 2484 710 2577 εὑρίσκεται
741 2485 760 2578 6
789 2488 936 2568 κάθετος
964 2486 1035 2557 ἀπὸ
1061 2491 1121 2557 τού
1149 2487 1395 2575 ὑποδείγματος
1415 2492 1474 2553 τοὺ

360 2589 522 2677 τριγώνου
545 2587 772 2678 οῖμβλυγωνίου
795 2588 948 2673 σχοινίων
970 2589 1068 2660 ὀκτώ.
1100 2589 1349 2679 μετρηθήσεται
1364 2586 1473 2657 τοίνυν
1499 2614 1511 2653 ε

362 2691 481 2773 οὑτως·
510 2692 631 2772 σύνὸες
652 2695 710 2781 την
734 2692 834 2778 βύσιν
855 2694 913 2759 τοὺ
935 2692 1015 2760 ύλου
1036 2693 1231 2778 τραπεζίου,
1258 2690 1410 2759 τουτέστι
1431 2691 1473 2757 τὸ

363 2795 411 2877 ις’
437 2795 497 2863 καὶ
522 2795 565 2862 τὸ
592 2792 680 2862 ἑπτὰ
706 2801 765 2882 τῆς
792 2796 953 2884 κορυφῆς·
979 2792 1125 2882 γίνονται
1152 2795 1215 2882 κγ’·
1244 2786 1288 2861 ὧν
1308 2794 1348 2862 τὸ
1370 2792 1472 2883 ἥμισυ

305 2909 339 2959 20
363 2897 488 2983 γίνεται
512 2895 562 2964 ια’
583 2903 616 2962 8·
639 2902 744 2962 ταῦτα
766 2895 826 2963 ε’πί
848 2898 890 2963 τὸ
912 2895 999 2965 ὸκτιὸ
1020 2900 1079 2986 τῆς
1100 2898 1186 2985 πρὸς
1206 2894 1313 2986 ὀρθὸς
1329 2894 1474 2982 γίνονται

362 2996 628 3090 ἐνενηκονταδύο·
662 2996 828 3065 τοσούτων
860 2995 955 3066 ἔσται
987 2998 1142 3082 σχοινίων
1168 3000 1207 3067 τὸ
1236 2997 1395 3084 ἐμβαδὸν·
1429 2991 1474 3064 ὧν

362 3101 466 3192 ἥμισυ
488 3100 612 3188 γίνεται
634 3099 702 3185 μς’,
726 3100 785 3166 καί
806 3097 878 3168 ἔστι
900 3101 958 3188 γῆς
978 3099 1104 3185 μοδίων
1124 3099 1193 3185 μς’.

455 3203 639 3295 Τραπέζιον
661 3197 787 3284 ύίνισον,
817 3194 856 3269 οὑ
875 3198 896 3290 6
919 3201 979 3286 μὲν
1000 3204 1238 3290 τῶνπλευρῶν
1259 3199 1411 3282 σχοινίων
1433 3197 1472 3281 ε’,
1490 3206 1528 3267 83

362 3307 382 3396 6
412 3307 450 3375 δὸ
477 3306 521 3387 ς’,
551 3302 572 3394 6
602 3303 639 3370 δὲ
666 3299 752 3393 η’,ἡ
781 3302 818 3370 δὲ
846 3303 896 3385 6‘,
925 3303 988 3388 μία
1015 3304 1053 3371 δὸ
1079 3310 1143 3371 τών
1171 3301 1355 3389 διαγωνίων
1377 3298 1475 3369 ἓπτοί.

306 3423 341 3473 25
364 3406 468 3500 εὑρεῖν
488 3410 528 3476 τὸ
550 3406 698 3493 ἐμβαδὸν
718 3408 777 3474 τοὺ
797 3403 987 3495 τραπεζίου.
1031 3407 1128 3473 τοῦτο
1151 3403 1188 3474 δὲ
1203 3402 1357 3495 φανερόν·
1382 3401 1476 3489 γεγύ-

364 3535 441 3580 νασι
474 3511 535 3599 γὰρ
566 3508 709 3599 τρίγωνα
742 3504 927 3597 οῖαδήποτε
952 3511 994 3576 τὸ
1023 3506 1094 3577 ὑπὸ
1122 3515 1183 3598 τῆς
1211 3503 1390 3593 διαγωνίου
1417 3504 1476 3573 καί

364 3616 430 3681 τῶν
460 3612 608 3700 πλευρῶν
639 3610 874 3697 περιεχόμενα,
906 3603 951 3678 ὧν
975 3609 996 3700 6
1023 3610 1180 3701 μέτρησις
1207 3608 1275 3694 ἔχει
1302 3608 1419 3690 οὑτως·
1452 3605 1472 3697 6
1501 3640 1513 3678 ι

364 3715 492 3805 κορυφὴ
525 3714 585 3781 τοῦ
611 3711 783 3790 ἐλάττονος
810 3712 967 3799 τριγώνου
998 3711 1149 3795 σχοινίων
1178 3711 1216 3795 ε’,
1250 3711 1269 3802 6
1298 3704 1476 3800 μικροτέρα

367 3818 492 3904 πλευρὰ
519 3813 673 3898 σχοινίων
700 3813 742 3897 ς’,
775 3811 795 3902 6
826 3814 863 3882 66
887 3814 1008 3899 μείζων
1035 3815 1188 3901 σχοινίων
1217 3814 1302 3882 ἑπτὸ
1327 3809 1428 3902 ἤγουν
1454 3811 1475 3901 6

310 3936 345 3985 30
367 3918 544 4006 διαγώνιος
564 3922 623 3984 τοῦ
643 3912 831 4004 τραπεζίου.
874 3913 978 4006 εὑρεῖν
1000 3916 1100 3986 αὐτού
1118 3919 1157 3985 τὸ
1173 3915 1332 4002 ἕμβαδύν·
1356 3915 1477 3993 σύνδες

366 4023 426 4101 τὸς
447 4025 533 4111 τρεῖς
554 4018 699 4108 πλευρὰς
720 4014 818 4106 η’γουν
839 4019 881 4084 τὸ
903 4017 932 4085 ε’
954 4021 995 4086 τὸ
1017 4020 1048 4100 ς’
1070 4019 1128 4086 καὶ
1150 4018 1191 4084 τὸ
1206 4015 1305 4084 ἑπτά·
1329 4014 1476 4102 γίνονται

368 4199 570 4207 ———-—-

438 4313 460 4362 1.
479 4304 697 4382 τετραγωνικὴῦ
767 4304 845 4357 ἔσται
861 4307 944 4359 om.D
1002 4307 1037 4358 '3.
1058 4305 1184 4359 6061)
1253 4299 1329 4371 αὕτη]
1346 4303 1396 4355 τοῦ
1409 4317 1475 4357 σκα-

368 4394 487 4460 ιηνοῡο
585 4388 776 4459 εμενοιιιο
874 4390 898 4440 ε.
912 4398 939 4440 ιι
953 4390 991 4439 11.
1007 4384 1065 4449 ζό
1164 4389 1203 4439 12.
1224 4383 1407 4456 σχοωωζό

369 4476 409 4526 13.
429 4473 517 4542 nan)
517 4473 601 4527 ένετο
618 4466 932 4563 usqueadaxowlwv6
946 4470 1029 4521 om.D
1099 4469 1138 4518 15.
1157 4463 1443 4536 ἐπιβαλλόμενοςῦ
1510 4488 1512 4492 ’

369 4558 410 4608 19.
429 4494 769 4625 ἑπιδιίτούτραπεζίουῐ)
829 4551 871 4604 20.
884 4568 900 4615 η
906 4544 947 4599 'D
1004 4554 1045 4603 21.
1059 4544 1110 4618 (66'
1123 4550 1144 4600 D
1196 4549 1238 4600 22.
1251 4543 1441 4620 ἥμισυ]τὸδ”
1455 4550 1476 4599 Ι)

437 4638 479 4689 23.
497 4635 649 4690 τῶνοσι.1]
717 4628 925 4692 24,.ὀῐ29ζ[)
994 4628 1119 4702 31.γ’1)
1190 4628 1248 4693 ζἸ)
