3925 5742
496 739 529 790 28
977 734 1121 787 HERONIS

496 894 593 977 λυμα,
615 890 749 980 συνεχὴς
771 885 848 978 δὲὴ
871 885 955 957 καθ’
976 883 1159 977 ἰνσημεῖον
1173 886 1422 973 συμπίπτουσυ,
1438 883 1609 954 ἐπαλλάτ-

495 990 600 1062 τουσά
614 1017 651 1059 τε
665 988 750 1067 καθ’
764 985 803 1080 ἢν
819 987 837 1059 ὃ
851 990 1112 1081 περιφερόμενος
1124 988 1243 1070 κύκλος
1258 987 1358 1068 αὐτδς
1373 984 1472 1057 αύτδν
1485 990 1607 1073 τέμνει.

498 1092 654 1182 [γίνονται
675 1093 713 1162 δὲ
740 1095 800 1161 καί
828 1091 950 1162 τούτων
977 1092 1079 1177 τομαὶ
1107 1091 1257 1181 γραμμαί
1284 1116 1372 1172 τινες
1401 1089 1606 1173 ἰδιάζουσαι.

496 1193 530 1265 οἱ
552 1195 591 1264 δὲ
612 1194 811 1284 τετράγωνοι
833 1193 943 1284 κρίκοι
964 1192 1175 1282 ἐκπρίσματά
1197 1192 1265 1262 εἰσι
1285 1192 1478 1282 κυλίνδρων·
1499 1190 1606 1278 γίνον-Ἰ

494 1324 552 1367 ται
575 1296 613 1365 δὲ
634 1298 692 1367 καί
714 1295 798 1365 άλλα
819 1298 903 1382 τινὰ,
915 1297 1055 1364 ποικίλα
1076 1292 1250 1383 πρίσματα
1272 1291 1309 1363 ἔκ
1329 1321 1366 1363 τε
1379 1294 1532 1385 σφαιρῶν
1546 1294 1607 1361 καί
1628 1311 1644 1360 5

494 1399 531 1468 δι
552 1401 678 1485 μικτῶν
699 1399 924 1489 ἐπιφανειῶν]

427 1549 467 1611 99
497 1536 562 1627 GC.
611 1535 725 1619 Τίνες
747 1535 883 1606 αἰτῶν
905 1533 1199 1624 εὐθυγράμμων
1214 1537 1382 1626 στερεῶν
1397 1533 1608 1625 σχημάτων

941 1641 962 1706 δ
970 1637 1160 1729 ιαφοραί,·

586 1749 658 1810 Τῶν
680 1743 718 1810 δὲ
739 1739 983 1831 εὐθυγράμμων
1004 1748 1143 1829 στερεῶν
1164 1743 1337 1833 σχημάτων
1357 1733 1452 1828 δίμὲν
1466 1741 1607 1809 καλούν-

494 1872 552 1914 ται
573 1841 767 1934 πυραμίδες,
789 1838 811 1910 δί
835 1843 872 1911 δὲ
893 1841 1003 1929 κύβοι,
1027 1836 1048 1909 δί
1072 1842 1109 1910 δὲ
1130 1842 1309 1932 πολύεδρα,
1331 1837 1408 1912 δίδί
1421 1842 1605 1932 πρίσματα,
1629 1857 1660 1909 lo

497 1942 520 2014 δί
542 1946 580 2015 δὲ
603 1943 741 2028 δοκίδες,
764 1938 787 2013 δί
810 1945 848 2013 δὲ
869 1940 1064 2027 πλινθίδες,
1086 1939 1109 2012 δί
1131 1945 1168 2012 δὲ
1190 1944 1369 2034 σφηνίσκοι
1391 1947 1450 2015 καὶ
1470 1946 1514 2024 τά
1535 1970 1607 2012 πα-

496 2046 677 2138 ραπλήσια.
1145 2102 1146 2105 *
1216 2069 1219 2074 ·

428 2159 487 2219 100
808 2149 871 2240 ςηῖ
919 2148 967 2216 Τί
988 2147 1076 2216 ἐστι
1097 2148 1292 2238 πυραμίς,·
1367 2216 1369 2219 .

579 2251 734 2340 Πυραμίς
764 2255 824 2339 μὲν
853 2243 908 2321 οὐν
938 2251 1013 2320 ἐστι
1041 2257 1151 2339 σχῆμα
1180 2253 1312 2340 στερεδν
1344 2251 1395 2336 [ἐν]
1425 2252 1608 2333 ἐπιπέδοις

496 2354 741 2445 περιεχόμενον,
761 2353 823 2447 ὐφ’
846 2353 919 2436 ἓνδς
940 2352 1109 2423 ἐπιπέδου
1131 2354 1217 2442 πρὸς
1239 2352 1288 2422 ἑνί
1310 2352 1436 2444 σημείῳ
1452 2377 1607 2444 συνεστη-
1627 2368 1659 2420 15

494 2458 561 2538 κός.
605 2457 663 2526 καὶ
691 2454 798 2539 άλλως
826 2458 863 2527 δὲ
888 2457 1019 2544 λέγεται
1045 2454 1193 2546 πυραμίς
1218 2457 1257 2526 τδ
1286 2454 1358 2524 ὐπὸ
1383 2454 1514 2544 βάσεως
1533 2481 1607 2545 τρι-

496 2558 639 2648 πλεύρου
660 2554 683 2648 ἢ
704 2558 944 2648 τετραπλεύρου
965 2552 989 2649 ἢ
1010 2555 1210 2645 πολυγώνου,
1233 2558 1402 2628 τουτέστιν
1423 2555 1539 2638 ὐπλῶς
1555 2555 1607 2625 εὐ-

498 2661 707 2751 θυγράμμου,
731 2663 815 2729 κατὰ
837 2661 995 2730 σύνθεσιν
1016 2658 1183 2748 τριγώνων
1205 2660 1254 2742 εἰς
1268 2657 1303 2730 ἓν
1318 2666 1451 2752 σημεῖον
1466 2658 1605 2747 συναγά-

496 2789 593 2850 μενον
614 2764 730 2852 σχῆμα.
775 2760 870 2844 ἰδίως
893 2763 931 2831 δὲ
953 2761 1152 2849 ἰσύπλευρος
1173 2764 1303 2852 λέγεται
1326 2762 1473 2854 πυραμὶς
1494 2761 1514 2854 ἡ
1537 2762 1606 2832 ύπδ
1639 2760 1657 2788 ⁴

495 2865 663 2955 τεσσάρων
676 2862 840 2954 τριγώνων
855 2863 1061 2954 ἰσοπλεύρων
1074 2866 1291 2957 περιεχομένη
1310 2867 1367 2952 [καί
1389 2868 1514 2956 γωνιῶν]
1543 2890 1605 2933 κα-
1627 2881 1659 2930 20

496 2972 603 3037 λεῖται
627 2969 665 3036 δὲ
685 2969 724 3036 τὸ
747 2969 857 3058 σχῆμα
877 2974 976 3036 τούτο
998 2967 1057 3035 καί
1077 2968 1278 3060 τετράεδρον.

429 3108 485 3169 101
750 3106 826 3196 ηδ’.
875 3104 922 3174 Τί
944 3105 1056 3175 ἐστιν
1079 3104 1353 3197 εἰκοσάεδρον,·

578 3207 800 3300 Εἰκοσάεδρόν
826 3206 897 3279 ἔστι
925 3211 1034 3299 σχῆμα
1060 3212 1190 3301 στερεὸν
1218 3210 1286 3279 ύπδ
1308 3205 1418 3279 ε’ίκοσι
1439 3209 1607 3300 τριγώνων

462 3309 464 3314 ’
493 3310 697 3400 ἰσοπλεύρων
719 3309 960 3402 περιεχόμενον.
1469 3329 1471 3335 ’

460 3443 472 3480 ε
587 3414 655 3482 Εἰσί
684 3419 765 3485 πέντε
792 3417 886 3484 ταύτα
915 3408 1011 3506 μάνον1
1025 3414 1083 3487 ὐπδ
1112 3417 1180 3486 ἴτων
1207 3415 1257 3484 καί
1282 3412 1382 3507 δμώων
1406 3416 1604 3507 περιεχδμενα,
1626 3438 1658 3487 25

497 3509 517 3586 εἰ
542 3515 579 3607 δὴ
600 3513 657 3586 ὐπδ
681 3515 899 3608 τῶνἙλλήνων
923 3517 1124 3610 ἐπωνομάσθη
1143 3513 1265 3606 ὐοτερον
1279 3517 1434 3602 Πλάτωνος
1450 3519 1604 3609 σχήματα,

499 3614 543 3689 ύτι
573 3618 645 3710 πλὴν
674 3623 728 3688 τού
758 3623 955 3708 δωδεκαέδρου
984 3618 1023 3688 τοί
1051 3623 1185 3708 τέσσαρα
1215 3619 1299 3711 λύγον
1330 3621 1432 3709 ἔχουσι
1461 3617 1533 3709 πρδς
1556 3618 1605 3710 τὴν

566 3909 588 3959 1.
606 3901 799 3959 ἔπαλάττουσα
811 3908 883 3974 libri,
896 3903 1087 3961 δπελάττουσα
1099 3909 1148 3972 Ιλα,
1160 3907 1376 3981 ἐμπεπλεγμένη
1388 3908 1473 3962 Prool.
1484 3926 1508 3977 p.
1520 3909 1562 3974 33,
1572 3910 1604 3962 22

564 3991 588 4041 2.
601 3985 686 4042 αὐτὸν
698 3989 728 4053 F,
746 3984 809 4039 άυτ“
831 3989 851 4038 Β
902 3989 1004 4060 τέμνει]
1019 3990 1127 4044 τέθενει
1139 3992 1158 4041 Β
1210 3993 1234 4044 4.
1247 3991 1303 4043 εἰσι
1314 3989 1469 4061 κυλίνδρων
1480 3994 1604 4059 usquead

498 4071 646 4140 πρίσματα
658 4070 738 4122 om.B
819 4071 844 4120 5.
863 4074 1000 4141 σφαιρῶν]
1015 4075 1082 4131 ἴσως
1094 4061 1213 4145 στερεῶν
1225 4073 1245 4124 F
1258 4074 1284 4124 in
1295 4088 1373 4137 marg.
1459 4073 1483 4124 7.
1503 4089 1557 4140 cap.
1571 4075 1603 4124 00

496 4159 522 4204 et
536 4154 584 4205 100
596 4151 751 4216 habetG(v.
766 4151 843 4220 Geep.
858 4169 912 4220 cap.
923 4154 966 4206 40.
978 4155 1021 4220 41]
1096 4155 1121 4204 0.
1139 4153 1267 4224 αἱμὲνίὶ
1344 4155 1383 4205 10.
1402 4153 1433 4204 αί
1444 4151 1476 4206 δὲ
1488 4151 1603 4222 κύβοιῦ

563 4232 700 4286 πολυέδια
712 4234 753 4286 FB
846 4236 885 4286 11.
903 4230 1106 4294 πολύνδιδεςΒ
1191 4230 1516 4304 ὐδὲσφηνίσκοιοω.(ἱ

498 4315 537 4366 15.
557 4317 706 4385 σημεῖονΡ
791 4313 968 4380 συνεστηκώσ
979 4318 1007 4383 Β,
1021 4313 1219 4369 συνεστατικόν
1229 4315 1271 4367 Da
1347 4318 1387 4370 11.
1405 4312 1422 4384 ἢ
1436 4312 1604 4387 τετραπλεύ-

495 4413 547 4465 ρου
559 4411 607 4447 om.
619 4396 642 4447 G
740 4392 951 4470 εὐθυγράμμου]
964 4394 1133 4469 πολυγάμου
1146 4398 1166 4449 F
1181 4397 1273 4462 (voluit
1285 4396 1501 4470 πολυγράμμου)

495 4476 537 4527 20.
555 4476 601 4529 καὶ
617 4482 664 4530 διο.
681 4478 712 4544 F,
729 4481 794 4530 unde
811 4488 915 4546 apparet
932 4481 1007 4532 etiam
1023 4479 1143 4549 γωνιῶν,
1162 4481 1228 4545 quod
1240 4479 1375 4532 absurdum
1388 4479 1442 4546 est,
1455 4475 1604 4533 eiiciehdum

496 4572 566 4609 esse:
578 4558 616 4609 Ha
628 4560 693 4612 coni.
706 4561 753 4613 καὶ
766 4562 923 4629 ἰσογωνίων
991 4561 1033 4613 20.
1051 4557 1239 4631 δπονομάσθη
1252 4562 1323 4613 BDa
