3925 5742
774 841 869 894 LIBER
888 843 1106 898 GEEPONICUS.
1444 853 1494 904 213

369 1008 497 1074 θετον·
521 1000 614 1066 ποιῶ
636 996 753 1079 ούτως·
776 998 818 1065 τά
839 997 900 1082 μα’
922 995 978 1089 ἐφ’
1001 995 1103 1067 ἑαυτὸ
1124 999 1268 1087 γίνονται
1287 1002 1414 1091 ,αγπα’·
1436 1003 1495 1073 καὶ

381 1103 423 1170 τά
455 1102 492 1187 μ’
525 1099 584 1191 ἐφ’
616 1098 718 1169 ἑαυτὸ
747 1097 892 1187 γίνονται
921 1100 1003 1188 ,αχ’·
1037 1109 1141 1171 ταῦτα
1167 1101 1301 1196 ὸφαιρῶ
1330 1105 1402 1175 άπὸ
1429 1113 1495 1174 τῶν

383 1203 500 1294 ,αγπά
527 1205 652 1273 ποδῶν·
682 1204 804 1272 λοιπὸν
829 1202 966 1290 μένουσι
994 1203 1100 1286 πόδες
1121 1205 1198 1274 πα’·
1228 1199 1274 1275 ῶν
1294 1209 1420 1299 πλευρά
1441 1227 1494 1276 τε·

382 1306 567 1396 τραγωνικὴ
596 1304 722 1394 γίνεται
749 1304 853 1385 πόδες
879 1304 934 1373 θ’.
978 1308 1033 1374 νῦν
1058 1310 1150 1375 ποιῶ
1179 1310 1237 1399 τὴν
1263 1310 1409 1379 κάθετον
1435 1306 1495 1380 ἐπὶ

345 1410 442 1500 μὴν
463 1408 579 1495 βάσιν·
603 1406 749 1496 γίνονται
771 1407 832 1490 τξ’·
856 1399 901 1475 τὸν
922 1408 962 1476 τὸ
984 1416 1001 1476 i
1025 1406 1172 1496 γίνονται
1186 1411 1291 1492 πόδες
1305 1411 1374 1502 ρπ’·
1397 1409 1494 1497 ἔσται

382 1513 431 1602 τὸ
444 1510 591 1598 ἐμβαδὸν
612 1511 728 1578 ποδῶν
749 1509 819 1602 ρπ’.
866 1507 952 1601 [ἑξῆς
973 1509 994 1602 ἡ
1017 1514 1234 1605 καταγραφή]

472 1613 636 1701 Τρίγωνον
659 1611 833 1696 ἰσοσκελές,
857 1605 897 1681 ού
916 1612 937 1704 ἦ
959 1614 1104 1696 κάθετος
1125 1619 1240 1685 ποδῶν
1260 1618 1308 1703 μ’,
1327 1616 1347 1709 ἦ
1372 1617 1410 1686 ὸὸ
1430 1616 1491 1705 βά-
1508 1622 1549 1684 52

382 1738 437 1797 σις
459 1717 571 1784 ποδῶν
594 1715 656 1800 ιβ’·
684 1714 787 1805 εὑρεῖν
809 1712 911 1784 αύτού
931 1716 971 1784 τὸ
995 1715 1154 1815 ἐμβαδόν·
1184 1727 1276 1788 ποιῶ
1298 1718 1413 1802 ούτως·
1435 1721 1494 1811 τὴν

380 1817 484 1907 βόσιν
511 1818 571 1887 ἐπὶ
597 1820 656 1909 τὴν
681 1818 828 1887 κάθετον
855 1816 1001 1907 γίνονται
1029 1819 1132 1902 πόδες
1161 1823 1234 1907 σμ’·
1263 1815 1307 1890 ῶν
1327 1824 1366 1892 τὸ
1389 1821 1518 1912 ἥμισυ·

330 1939 362 1988 10
383 1920 528 2010 γίνονται
551 1920 654 2002 πόδες
675 1921 736 2009 ρκ’·
760 1918 857 1989 ἔσται
878 1922 918 1990 τὸ
939 1921 1086 2009 ἐμβαδὸν
1107 1925 1223 1992 ποδῶν
1243 1924 1304 2015 ρκ’.

472 2021 640 2110 Τριγῶνον
663 2021 853 2105 ῖσοσκελοῦς
874 2021 994 2115 ἑκάστη
1016 2031 1083 2092 τῶν
1102 2022 1185 2094 ῖσων
1206 2026 1355 2115 πλευρῶν
1378 2027 1493 2095 ποδῶν
1510 2051 1522 2091 ε

381 2124 440 2208 κε’,
458 2122 487 2214 ἡ
519 2124 557 2193 δέ
585 2124 687 2212 βάσις
714 2127 830 2193 ποδῶν
856 2126 919 2194 ιδ’·
952 2125 1057 2216 εὑρεῖν
1080 2125 1182 2197 αύτοιῖ
1202 2130 1242 2197 τὸ
1265 2129 1413 2215 ἐμβαδὸν
1435 2128 1492 2197 καῖ

380 2228 440 2317 τήν
468 2226 625 2295 κάθετον·
660 2229 749 2296 ποιῶ
774 2225 890 2309 οὕτως·
924 2225 1065 2320 ἑκάστης
1091 2233 1236 2321 πλευροῖς
1263 2228 1406 2321 ποίησον
1434 2229 1491 2302 U'·

381 2327 527 2415 γίνονται
553 2329 659 2411 πόδες
683 2331 766 2414 χκε’·
795 2329 954 2418 λαμβάνω
980 2333 1021 2400 τὸ
1051 2339 1068 2399 i
1091 2333 1150 2422 τῆς
1171 2332 1317 2419 βάσεως·
1345 2330 1492 2419 γίνονται

328 2452 360 2501 15
381 2431 487 2512 πόδες
509 2432 549 2514 ζ’·
570 2436 675 2501 ταῦτα
696 2430 752 2526 ἐφ’
775 2431 875 2502 ἑαυτὸ
898 2432 1043 2521 γίνονται
1065 2433 1170 2516 πόδες
1190 2434 1270 2520 μθ’·
1293 2434 1414 2504 λοιπὸν
1434 2434 1491 2520 μό-

380 2557 476 2603 νουσι
504 2535 608 2615 πόδες
634 2536 730 2626 φας’·
761 2528 806 2603 ὦν
828 2536 954 2625 πλευρά
975 2537 1194 2627 τετραγωνικῆ
1219 2534 1365 2624 γίνονται
1387 2536 1494 2618 πόδες

381 2639 445 2706 κδ’·
467 2637 525 2706 καὶ
546 2639 589 2706 τά
613 2637 644 2722 ζ’
665 2639 726 2708 ἐπὶ
747 2639 807 2729 τὸν
829 2636 974 2707 κάθετον
988 2638 1093 2719 πόδες
1107 2637 1188 2728 ρξκβ·
1211 2637 1379 2707 τοσούτων
1394 2634 1491 2707 ἐσται
1550 2659 1555 2664 ’

380 2743 421 2810 τὸ
442 2738 598 2827 ἐμβαδόν.

456 2840 565 2911 ’Έοτω
586 2841 743 2932 τρίγωνον
765 2841 962 2934 ἰσόπλευρον
983 2845 1042 2913 καὶ
1063 2844 1165 2929 ἐχέτω
1188 2841 1329 2934 ἑκάστην
1347 2845 1492 2934 πλευράν
1506 2857 1547 2921 53

323 2961 358 3013 20
380 2944 445 3015 άνά
474 2945 584 3027 πόδας
609 2946 652 3029 λ’,
682 2946 740 3015 καὶ
770 2945 991 3036 ἐγγεγράφθω
1020 2945 1154 3028 κύκλος·
1185 2944 1289 3036 εὸρεῖν
1311 2942 1412 3014 αύτοῖ
1433 2949 1492 3038 τὸν

381 3049 575 3140 διάμετρον·
598 3050 691 3118 ποιῶ
706 3044 821 3128 ούτως·
845 3051 884 3116 τὸ
899 3047 1048 3135 ἒμβαδόν
1062 3049 1134 3118 ἐστι
1149 3050 1264 3117 ποδῶν
1278 3048 1364 3136 vqg'·
1388 3051 1491 3118 ταῦτα

380 3152 442 3221 ε’πὶ
463 3152 505 3219 τά
528 3151 561 3220 δ’
584 3149 728 3239 γίνονται
742 3151 849 3233 πόδες
862 3151 963 3242 ,αφξ’·
986 3147 1062 3238 άρτι
1078 3149 1198 3231 σύνθες
1211 3152 1271 3232 τὸς
1285 3154 1373 3241 τρεῖς
1388 3153 1490 3219 πλευ-

380 3254 454 3344 ράς·
478 3252 624 3342 γίνονται
645 3254 751 3335 πόδες
771 3253 821 3342 ς’·
852 3250 928 3345 άρτι
949 3251 1073 3340 μερῖζω
1093 3254 1159 3320 τῶν
1180 3253 1271 3344 ,aff
1293 3256 1332 3323 τὸ
1355 3251 1415 3340 (j''·
1439 3251 1491 3340 γλ-

379 3381 491 3426 νονται
514 3356 617 3437 πόδες
639 3357 684 3439 ιζ’
707 3357 757 3445 γ”·
779 3356 945 3428 τοσούτων
967 3353 987 3446 ἦ
1012 3352 1187 3445 διάμετρος
1208 3358 1268 3425 τοῦ
1289 3357 1417 3425 κύκλου.

324 3485 360 3534 25
456 3455 567 3526 ’Ἔστω
601 3458 705 3527 πάλιν
736 3458 893 3550 τρίγωνον
920 3456 1117 3547 ἰσόπλευρον
1143 3458 1201 3525 καὶ
1228 3457 1328 3542 ἐχέτω
1355 3457 1494 3549 ἑκάστην
1506 3467 1548 3530 54

381 3561 526 3648 πλευράν
553 3558 615 3629 άνὸ
644 3560 756 3644 πόδας
781 3563 824 3647 λ’,
851 3560 908 3630 καὶ
937 3558 1199 3650 περιγεγράφθω
1229 3560 1359 3642 κύκλος·
1389 3558 1491 3652 εὸρεῖν

381 3662 484 3734 αύτοῦ
504 3664 563 3754 τὴν
585 3663 776 3752 διάμετρον·
804 3665 897 3732 ποιῶ
919 3660 1035 3742 ούτως·
1063 3663 1105 3730 τά
1128 3662 1158 3730 λ’
1180 3660 1238 3755 ἐφ’
1260 3661 1362 3733 ἑαυτά
1385 3663 1491 3754 γίνον-

381 3795 440 3836 ται
467 3765 528 3834 (δύ’
555 3766 697 3856 φανερὸν
724 3765 778 3835 ὅτι
808 3765 955 3845 κάθετος
979 3765 1039 3833 τοῦ
1068 3763 1226 3855 τριγῶνοο
1255 3763 1349 3835 ἔσται
1377 3769 1491 3834 ποδῶν

381 3870 450 3954 κς’·
479 3865 554 3958 ὸῖρτι
576 3867 698 3959 μερίζω
720 3871 785 3937 τῶν
806 3868 855 3936 ‘70'
876 3868 914 3936 τὸ
937 3867 1009 3949 κς”·
1032 3866 1175 3956 γίνονται
1197 3869 1300 3950 πόδες
1321 3865 1375 3936 λύ’
1398 3875 1415 3935 C
1438 3867 1489 3958 η”·

325 4000 360 4050 30
381 3971 478 4043 ἔσται
500 3970 520 4062 ἦ
544 3970 722 4063 διάμετρος
741 3974 801 4041 τοῦ
821 3970 939 4038 κύκλου
960 3970 1135 4040 τοσούτων.
1551 4038 1554 4045 Α

455 4073 568 4144 ’Ἔστω
589 4072 747 4162 τρίγωνον
768 4069 954 4161 όξυγιύνιον,
978 4064 1017 4141 οὗ
1037 4073 1076 4140 τὸ
1089 4071 1284 4164 μικρότερον
1297 4070 1411 4153 σκέλος
1425 4096 1490 4141 πο-
1505 4089 1545 4151 55

383 4215 581 4224 ...—-——----

452 4272 475 4323 1.
494 4269 621 4324 ποιῶνῦ
690 4269 715 4319 5.
735 4262 809 4325 (''G
879 4265 985 4320 ἔστωῶ
1055 4265 1078 4316 7.
1097 4264 1292 4322 δσοσκελοῧςίὶ
1361 4265 1491 4333 9.γίνον·

381 4356 436 4418 ται]
458 4350 500 4422 γι’
518 4351 554 4417 G,
572 4352 638 4419 quod
654 4350 826 4417 compendium
841 4349 898 4401 hinc
915 4365 965 4399 non
981 4346 1084 4397 enotavi
1100 4346 1148 4396 nisi
1163 4346 1189 4396 in
1206 4345 1279 4396 dubia
1296 4346 1423 4413 scriptura

384 4435 424 4487 10.
443 4433 549 4486 ἔστωθ
620 4433 659 4482 11.
681 4430 862 4504 Τρίγωνονῶ
933 4429 972 4480 13.
991 4423 1115 4492 ἑκάστης]
1129 4426 1202 4476 immo
1215 4426 1261 4489 τῆς
1325 4426 1364 4477 11.
1384 4423 1490 4479 lamii

451 4515 492 4568 20.
511 4510 604 4573 πόδας
616 4515 707 4582 scripsi
719 4531 752 4565 ex
764 4530 819 4581 cap.
833 4514 874 4578 54,
888 4529 926 4564 πο
940 4510 963 4562 G
1032 4509 1073 4560 22.
1092 4511 1198 4577 γίνεται
1210 4522 1265 4557 cum
1278 4523 1407 4575 suprascr.
1421 4525 1455 4562 ον
1467 4508 1490 4562 G

450 4601 493 4652 24.
507 4598 551 4666 ιζ’]
566 4603 580 4662 ζ
590 4600 616 4653 G·
682 4600 723 4651 25.
743 4595 836 4663 πάλιν]
850 4596 943 4652 1ιᾶνῦ
1007 4593 1049 4645 26.
1061 4588 1154 4651 πόδας
1166 4593 1275 4647 habeti}
1328 4595 1370 4650 28.
1383 4595 1489 4650 ἕστωῶ

451 4687 493 4738 τε.
510 4675 547 4739 ω
560 4675 579 4750 ς·
588 4695 604 4754 ε,
618 4686 648 4754 ο,
660 4694 687 4738 ει
699 4686 816 4738 simfliter
828 4683 932 4752 reliquis
945 4682 1010 4735 locis
1079 4680 1120 4732 ³0.
1139 4677 1245 4732 εσεωο
