3925 5742
507 835 557 886 220
992 829 1135 881 HERONIS

507 985 630 1068 πόδας·
663 985 808 1074 γίνονται
844 983 902 1052 πε’
931 981 970 1065 ζ’
996 980 1091 1071 ριβ”·
1124 981 1269 1049 τοσαῦτα
1295 979 1440 1069 κεράμια
1466 979 1620 1071 χωρήσει.

511 1088 578 1174 [πει
602 1087 642 1170 ζα
664 1086 762 1178 ww]

452 1199 493 1264 83
581 1187 694 1259 ’Ἔστω
720 1196 832 1259 κοῦπα
858 1188 916 1256 καί
942 1187 1044 1273 ίχόιω
1070 1187 1129 1277 τήν
1155 1181 1222 1253 δίνου
1250 1183 1426 1272 διάμετρον
1448 1185 1567 1253 ποδῶν
1589 1183 1622 1265 ς’

508 1321 538 1362 κ.
553 1320 582 1361 τ.
598 1294 626 1359 λ.
650 1297 695 1376 (V.
711 1298 786 1360 ster.
801 1296 837 1372 Η,
856 1296 917 1374 13).

452 1401 492 1464 84
581 1392 693 1463 ’Έστῶ
719 1393 835 1479 βοότις
862 1391 921 1460 καί
947 1388 1048 1476 ἐχέτω
1076 1392 1134 1480 τήν
1157 1387 1224 1458 άνω
1247 1389 1426 1479 διάμετρον
1448 1390 1566 1459 ποδῶν
1588 1388 1656 1472 ς’5

508 1522 537 1565 κ
553 1522 581 1565 ι.
597 1499 626 1564 ι.
649 1500 694 1580 (v.
709 1500 779 1562 ieie.
798 1502 859 1578 ιι).

453 1603 493 1667 85
594 1594 682 1666 Ἀπδ
705 1598 804 1677 σκιάς
826 1593 929 1684 εὖρεῖν
951 1596 1064 1676 κιόνος
1084 1595 1226 1683 μεγάλου
1249 1621 1278 1663 κ.
1293 1621 1322 1663 τ.
1338 1598 1366 1662 λ.
1390 1601 1436 1681 (V.
1452 1599 1525 1662 ibid.
1542 1598 1605 1674 31).

451 1702 492 1766 86
588 1696 625 1767 Ὁ
647 1698 779 1788 ῥόμβος,
804 1691 843 1766 οὗ
864 1699 907 1764 τά
929 1698 1027 1788 σκέλη
1050 1694 1114 1766 άνδ
1135 1701 1252 1768 ποδῶν
1274 1699 1332 1789 ιγ’,
1353 1697 1428 1790 ήδδ
1443 1696 1622 1786 διαγώνιος

509 1802 624 1871 ποδῶν
652 1800 693 1869 ι’·
728 1799 831 1889 εὑρεῖν
859 1798 968 1868 αόιοῦ
987 1802 1028 1868 τό
1056 1799 1218 1886 δμβαδόν·
1252 1800 1348 1871 ποίει
1376 1801 1495 1880 οὕτως·
1523 1796 1620 1890 ήχθω

435 1940 451 1967 ε
507 1904 654 1984 κάθετος
687 1904 909 1988 διατέμνουσα
940 1902 1001 1992 τήν
1034 1901 1225 1990 διαγόνιον·
1257 1903 1278 1995 ἦ
1312 1903 1350 1972 δὲ
1377 1901 1523 1987 άχθεῖσα
1552 1899 1620 1987 diget
1641 1917 1669 1966 ιο

508 2006 621 2086 πόδας
652 2005 717 2083 κδ’,
751 2006 810 2074 καί
842 2004 996 2092 γεγόνασι
1024 2003 1256 2094 διαμετρήσεις
1282 2003 1476 2075 ἰσοσκελῶν·
1504 1999 1551 2073 ῶν
1579 2004 1620 2071 τά

508 2108 604 2198 σκέλη
632 2105 694 2176 άνδ
721 2109 839 2176 ποδῶν
867 2105 922 2195 ιγ’,
951 2106 970 2197 ή
996 2106 1033 2175 δὲ
1053 2106 1154 2194 βάσις
1175 2109 1290 2176 ποδῶν
1313 2109 1348 2192 ι’,
1370 2106 1390 2198 ή
1414 2108 1452 2176 δὲ
1474 2107 1621 2189 κάθετος

508 2208 628 2298 ἑκάστη
656 2206 719 2277 άνά
747 2211 862 2277 ποδῶν
891 2207 957 2295 ιβ’·
985 2205 1030 2289 ῶς
1055 2207 1211 2296 γίνεσθαι
1238 2211 1279 2278 τὸ
1304 2209 1451 2297 ἐμβαδὸν
1478 2207 1620 2278 ἑκάστου

506 2309 666 2399 τριγῶνοο
699 2313 815 2380 ποδῶν
836 2310 887 2394 ξ’,
920 2316 980 2379 τοῦ
1013 2307 1092 2379 ὅλου
1126 2310 1251 2401 ῥόμβου
1279 2307 1373 2392 όντος
1400 2314 1526 2404 δηλαδή
1555 2337 1620 2380 πο-

509 2417 575 2483 δῶν
595 2414 657 2502 ρκ’.
1218 2488 1222 2495 ,
1638 2433 1664 2483 15

452 2525 492 2588 87
581 2514 692 2586 ’Ἐστω
721 2509 813 2598 οἶκος
841 2513 923 2601 ἔχων
949 2517 989 2585 τδ
1014 2522 1120 2608 μῆκος
1146 2515 1258 2596 πόδας
1283 2516 1326 2600 κ’,
1348 2517 1407 2586 καί
1427 2517 1467 2584 τδ
1490 2516 1621 2597 πλάτος

507 2619 618 2699 πόδας
640 2618 688 2706 ιγ’
711 2626 740 2702 d,
763 2621 815 2687 δεῖ
836 2618 874 2686 δὲ
895 2620 1011 2706 γνῶναι
1036 2618 1143 2688 πόσαι
1167 2616 1215 2700 είς
1235 2626 1351 2688 τοῦτον
1370 2620 1430 2688 τόν
1451 2612 1546 2688 οἶκον
1568 2645 1620 2687 κε-

506 2719 645 2811 ραμίδες
666 2717 913 2806 α’ναβαίνουσιν·
936 2717 1022 2788 ἔστω
1045 2721 1084 2789 δὲ
1104 2720 1124 2812 ή
1147 2721 1285 2810 κεραμὶς
1308 2723 1423 2790 ποδῶν
1444 2721 1493 2809 β’,
1520 2722 1562 2791 τὸ
1585 2722 1621 2790 δὲ

507 2823 637 2904 πλάτος
658 2822 693 2891 α’
716 2830 749 2890 d·
772 2821 868 2892 ποίει
891 2821 1009 2903 οὕτως·
1032 2819 1152 2915 ἐπειδή
1174 2824 1312 2915 κεραμὶς
1332 2820 1620 2914 ήμιπόδιονδπο-

506 2925 644 2995 τίθεται
671 2923 740 2993 ὑπό
765 2927 825 3016 τήν
850 2923 961 3016 ἑτέραν
986 2921 1164 3014 κεραμίδα,
1193 2921 1296 3017 άφελε
1319 2922 1389 2995 άπδ
1411 2931 1471 2994 τοῦ
1493 2925 1620 3016 μήκους
1639 2945 1668 2996 to

505 3031 566 3120 τῆς
597 3026 790 3115 κεραμίδος,
825 3025 873 3108 εἰς
906 3022 944 3094 δν
968 3026 1074 3095 τόπον
1101 3025 1246 3111 κατέχει,
1266 3080 1273 3095 .
1290 3078 1323 3096 ..
1346 3024 1419 3096 ἔστι
1445 3028 1486 3096 τό
1513 3031 1622 3119 μῆκος

507 3131 622 3199 ποδῶν
647 3128 689 3213 κ’,
717 3132 757 3200 τδ
784 3132 821 3198 δὲ
848 3128 976 3209 πλάτος
1003 3129 1118 3197 ποδῶν
1144 3128 1191 3217 ιγ’
1214 3137 1245 3196 t·
1273 3127 1552 3200 πολυπλασίασον
1577 3133 1620 3199 τά

506 3231 540 3322 κ’
568 3232 627 3301 ἐπὶ
654 3232 701 3320 ιγ’
728 3240 763 3300 d·
796 3229 940 3319 γίνονται
967 3230 1036 3299 σο’·
1068 3231 1173 3298 ταῦτα
1196 3230 1335 3319 μίρισον
1361 3230 1408 3314 εἰς
1434 3234 1478 3300 τά
1504 3232 1542 3320 β’
1566 3232 1619 3301 δ”·

507 3333 654 3424 γίνονται
676 3335 738 3426 ρκ’·
760 3335 920 3405 τοσαῦται
940 3330 1162 3424 άναβήσονται
1181 3331 1356 3423 κεραμίδες
1369 3331 1430 3405 ἐπὶ
1442 3335 1501 3402 τόν
1516 3329 1618 3404 οἶκον.

452 3437 492 3502 88
580 3433 680 3505 ’Ἐστι
703 3437 740 3504 δὲ
761 3437 819 3506 καί
839 3435 937 3525 ἑτέρα
957 3436 1109 3523 μέθοδος
1130 3435 1191 3504 ἐπὶ
1211 3438 1276 3504 τῶν
1296 3435 1495 3528 κεραμίδων·
1518 3436 1578 3506 ἐὰν
1598 3430 1619 3530 ᾗ
1639 3458 1669 3508 25

508 3533 600 3619 οἶκος
625 3535 707 3622 ι’ήςων
732 3539 772 3606 τὸ
797 3544 904 3629 μῆκος
931 3541 1047 3607 ποδῶν
1074 3538 1115 3623 ξ’,
1142 3539 1183 3608 τδ
1209 3538 1247 3607 δὲ
1275 3537 1403 3619 πλάτος
1430 3542 1548 3607 ποδῶν
1576 3541 1618 3621 λ’,

507 3636 610 3732 άφελε
632 3640 692 3708 διδ
713 3641 840 3721 παντός
860 3642 900 3708 τδ
922 3639 964 3728 γ’
985 3639 1085 3726 μέρος
1105 3647 1171 3708 τῶν
1193 3640 1241 3723 ξ’·
1266 3642 1388 3710 λοιπὸν
1408 3640 1463 3727 μ’·
1484 3643 1545 3710 καί
1568 3640 1618 3712 ἔτι

508 3738 632 3828 δμοίως
659 3738 731 3809 όπδ
758 3748 817 3811 τοῦ
843 3740 1006 3825 πλάτους,
1038 3739 1109 3813 όπδ
1135 3744 1199 3812 τῶν
1221 3742 1264 3828 λ’,
1285 3744 1325 3812 τδ
1346 3743 1470 3833 τρίτον·
1496 3747 1620 3815 λοιπδν

508 3843 555 3912 κ’·
582 3844 640 3912 καί
669 3842 943 3914 πολυπλασίασον
969 3846 1012 3912 τό
1033 3845 1071 3932 μ’
1092 3845 1152 3916 tat
1173 3847 1216 3914 τά
1237 3845 1285 3914 κ’·
1313 3844 1459 3934 γίνονται
1480 3847 1536 3915 ω’·
1563 3874 1619 3917 το-

510 3947 632 4016 σαῦται
653 3946 828 4036 κεραμίδες
851 3943 1077 4038 ἀναβήσονται
1098 3948 1158 4017 ἐπὶ
1179 3949 1236 4018 τὸν
1257 3942 1357 4019 οἷκον.
1639 3973 1668 4022 30

479 4084 492 4124 ι
598 4043 727 4142 Εόρηται
750 4050 800 4121 καί
823 4053 917 4121 retra
941 4055 979 4148 τῇ
1001 4049 1136 4145 μεθόδῳ·
1165 4045 1239 4141 αὕτη
1261 4053 1315 4143 μία
1337 4057 1391 4122 τῶν
1416 4054 1545 4140 πλευρῶν
1568 4055 1620 4144 τῆς

508 4154 648 4244 δυρρότου
682 4157 784 4244 στέγης
818 4145 893 4225 οὗτοι
923 4154 985 4244 ἔχει
1014 4157 1169 4247 κεραμίδος
1199 4158 1239 4242 ξ’,
1268 4151 1287 4244 ή
1316 4157 1347 4223 δὲ
1376 4157 1460 4242 ἑτέρα
1488 4153 1539 4224 καί
1569 4155 1620 4245 ἴση

575 4349 616 4399 21.
635 4355 694 4414 pest
710 4343 818 4414 κατήγει
831 4344 854 4397 G
866 4346 942 4398 hehet
954 4339 1043 4412 ουἰπά,
1061 4347 1106 4397 sed
1119 4339 1151 4398 οὐ
1163 4345 1234 4396 miris
1247 4344 1365 4397 ductibus
1378 4345 1514 4412 seriptum
1532 4347 1620 4412 legeu-

509 4430 566 4480 dum
583 4429 685 4480 videtur
701 4423 859 4497 ἡμιπόδιον
877 4422 915 4490 α’,
933 4435 959 4479 et
975 4427 1106 4494 probabile
1124 4436 1164 4480 est
1180 4428 1307 4480 excidisse
1324 4428 1375 4479 sliu
1391 4429 1514 4496 quaedum
1530 4429 1619 4494 verbu,

508 4509 597 4576 quibus
617 4509 781 4576 longitudinis
803 4509 933 4576 sesquipes
954 4508 1168 4575 multiplicaretur
1188 4525 1244 4562 eum
1261 4508 1402 4562 latitudiuis
1418 4511 1572 4581 sesquipede
1589 4513 1620 4564 ud

509 4592 776 4660 sunumpedunlp
845 4589 886 4643 22.
902 4583 1027 4654 ediscit}
1096 4590 1138 4643 tt.
1155 4586 1301 4661 γ”Ῑι-ευιυ
1314 4607 1444 4659 supressu-
1457 4592 1565 4646 -ονῶ

508 4671 550 4723 32.
568 4669 686 4741 κεράμες
697 4674 749 4736 (vel
761 4665 908 4743 sequipede,
921 4686 977 4722 uem
990 4688 1023 4722 ου
1035 4679 1062 4723 et
1074 4687 1087 4726 ε
1099 4688 1175 4742 suepe
1187 4673 1310 4739 distingui
1320 4690 1370 4726 uuu
1382 4675 1499 4742 pessunt)
1513 4674 1537 4726 G
