3925 5742
511 805 559 856 170
990 799 1134 853 HERONIS

509 959 574 1024 τῶν
599 955 718 1041 τοίχων
743 955 881 1040 ἐχόντων
903 953 1031 1033 πλάτος
1054 955 1169 1022 ποδῶν
1189 953 1236 1040 β’,
1257 954 1297 1022 τδ
1321 955 1360 1023 δὲ
1381 955 1493 1043 βάθος
1515 953 1619 1026 αύτοῦ

509 1059 623 1126 ποδῶν
643 1056 692 1125 κ’·
721 1055 826 1146 εύρεῖν
852 1053 968 1124 πόσων
988 1057 1104 1124 ποδῶν
1125 1055 1215 1124 ἐστιν
1236 1054 1255 1125 6
1277 1060 1398 1140 τοῖχος·
1424 1066 1484 1126 τοῦ
1505 1057 1619 1144 τοίχου

509 1161 548 1228 τδ
576 1158 701 1241 πίάτος
726 1160 779 1240 δίς
805 1157 952 1246 γίνονται
980 1157 1027 1226 δ’·
1059 1160 1164 1227 ταῦτα
1194 1154 1379 1248 προστίθει
1406 1164 1478 1240 τοῖς
1505 1159 1535 1228 ε’
1561 1163 1620 1250 τῆς

510 1260 706 1350 διαμέτρου·
728 1260 873 1347 γίνονται
892 1260 943 1330 θ’·
966 1257 1011 1341 ῶς
1025 1254 1111 1328 εἶναι
1125 1262 1183 1352 τὴν
1199 1260 1375 1353 διάμετρον
1388 1269 1449 1330 τοῦ
1463 1287 1500 1330 τε
1514 1263 1620 1352 φρέα-

413 1409 414 1412 =
509 1388 566 1445 τος
592 1363 650 1431 καί
676 1365 740 1431 τῶν
767 1362 887 1448 τοίχων
915 1358 1000 1448 δμοῖ
1021 1365 1137 1432 ποδῶν
1159 1363 1212 1433 δ’·
1230 1365 1345 1435 ,ταῦτα
1365 1361 1421 1455 ἐφ’
1444 1363 1546 1433 ἑαυτά
1568 1362 1619 1453 χί-
1640 1381 1654 1429 5

509 1492 621 1536 νονται
647 1466 726 1534 πα’·
753 1465 791 1548 ἐξ
816 1458 863 1557 ῶν
884 1462 986 1557 δίφελε
1007 1466 1066 1556 τὴν
1088 1464 1263 1557 διάμετρον
1283 1466 1343 1535 τού
1365 1467 1508 1558 φρέατος
1529 1492 1620 1555 χενο-

509 1570 608 1660 μένην
632 1566 691 1660 ἐφ’
712 1566 842 1658 ἑαυτήν·
871 1567 1017 1656 γίνονται
1044 1568 1109 1636 κε’·
1136 1569 1242 1637 λοιπά
1268 1568 1333 1652 νς’·
1359 1569 1464 1636 ταῦτα
1486 1569 1621 1651 δεκάκις

510 1671 569 1740 καὶ
594 1670 689 1754 άπαξ
713 1668 857 1759 γίνονται
881 1670 964 1755 χις’·
991 1669 1115 1739 τούτων
1142 1666 1196 1738 άεί
1222 1671 1262 1739 τὸ
1285 1672 1320 1738 ιδ
1326 1668 1351 1711 ”·
1380 1667 1527 1758 γίνονται
1547 1673 1619 1759 μδ’·

509 1776 614 1843 ταῦτα
635 1773 912 1843 πολυπλασίασον
932 1772 994 1842 ἐπί
1014 1775 1057 1841 τά
1078 1773 1110 1841 κ’
1131 1773 1190 1842 τοῦ
1209 1771 1354 1861 βάθους·
1375 1771 1525 1860 γίνονται
1540 1775 1619 1842 ωπ’·

510 1874 675 1947 τοσούτων
695 1873 790 1946 ἔσται
813 1876 928 1945 ποδῶν
950 1873 969 1946 6
991 1881 1100 1961 τοῖχος
1119 1878 1180 1945 τοῦ
1203 1873 1281 1945 ὅλου
1303 1875 1457 1967 φρέατος.
1641 1891 1668 1940 1⁰

455 1989 496 2051 52
596 1987 732 2058 Κοῦπα,
755 1972 795 2070 ἧς
815 1977 835 2071 6
857 1977 948 2046 κάτω
969 1978 1146 2069 διάμετρος
1166 1979 1281 2048 ποδῶν
1303 1979 1338 2060 ε’,
1361 1976 1381 2068 6
1405 1978 1443 2048 δὲ
1464 1975 1533 2047 άνω
1555 2005 1620 2048 πο-

510 2083 576 2150 δῶν
598 2082 639 2169 y',
660 2083 700 2151 τδ
721 2080 760 2150 δὲ
781 2081 869 2172 ύψος
891 2078 991 2171 αύτῆς
1012 2082 1126 2150 ποδῶν
1146 2080 1189 2170 η’·
1212 2076 1280 2166 ἔχει
1303 2079 1341 2149 δὲ
1355 2074 1451 2164 οἶνον,
1467 2078 1499 2149 εί
1512 2081 1618 2164 τύχοι,

510 2185 627 2252 ποδῶν
648 2184 689 2268 ς’·
712 2183 816 2275 εὑρεῖν
836 2183 928 2254 πόσα
949 2182 1092 2274 κεράμια
1107 2181 1125 2251 6
1141 2175 1243 2263 οἶνος·
1266 2180 1362 2252 ποίει
1381 2181 1498 2264 οὕτως·
1520 2183 1621 2274 ύφελε

508 2286 552 2354 τά
579 2285 656 2375 τρία
681 2289 740 2378 τῆς
763 2283 831 2356 δίνω
858 2283 1038 2374 διαμέτρου
1066 2282 1138 2353 άπὸ
1164 2287 1230 2353 τῶν
1251 2284 1280 2353 ε’
1301 2287 1359 2376 τῆς
1380 2285 1486 2354 κάτω·
1513 2287 1620 2354 λοιπά

509 2389 559 2476 β’·
586 2391 691 2458 ταῦτα
717 2388 778 2458 ἐπὶ
803 2390 846 2457 τά
872 2388 906 2472 ς’
927 2386 1074 2477 γίνονται
1101 2387 1168 2475 ιβ’·
1195 2384 1320 2456 τούτων
1345 2388 1386 2457 τὸ
1406 2387 1449 2479 η”
1473 2386 1618 2474 γίνονται
1639 2402 1665 2452 15

508 2490 548 2560 α’
572 2497 609 2560 8·
636 2489 737 2583 ύφελε
761 2492 821 2582 τὴν
848 2490 882 2559 α’
902 2497 923 2558 8
944 2487 1016 2560 άπδ
1042 2496 1108 2558 τῶν
1134 2490 1177 2558 ε’·
1205 2490 1311 2559 λοιπά
1333 2490 1366 2578 χ’
1386 2497 1420 2558 8·
1453 2490 1620 2559 τοσούτων

478 2589 605 2664 τίίπαι
633 2596 749 2662 ποδῶν
769 2594 808 2663 τὸ
829 2592 957 2674 πλάτος
979 2591 1043 2674 ἕως
1065 2589 1135 2682 ὅπῃ
1159 2589 1177 2660 6
1200 2586 1288 2675 οἶνος
1308 2591 1476 2681 ἐτύγχανε·
1499 2592 1620 2674 σύνδες

509 2694 618 2765 τοίνυν
642 2696 684 2763 τά
711 2695 744 2783 μ’
766 2703 787 2764 8
807 2697 867 2766 καὶ
886 2696 930 2764 τά
953 2694 995 2764 ε’·
1024 2692 1169 2783 γίνονται
1191 2695 1224 2787 6¹
1246 2702 1282 2765 8·
1304 2687 1350 2764 ῶν
1369 2693 1409 2764 τά
1430 2702 1452 2763 8
1473 2697 1619 2784 χίνονται

511 2797 544 2866 δ’
567 2797 619 2866 δ”·
640 2799 745 2866 ταῦτα
766 2796 824 2889 ἐφ’
845 2796 946 2866 ἑαυτά
967 2794 1115 2885 γίνονται
1138 2795 1186 2886 ιη’
1207 2795 1273 2880 ις”·
1294 2799 1397 2867 ταῦτα
1412 2797 1549 2880 δεκάκις
1563 2798 1620 2866 καὶ

511 2895 607 2982 άπαξ
631 2897 776 2990 γίνονται
806 2899 884 2992 ρςνβ
904 2905 926 2968 8
946 2899 990 2990 η”
1014 2897 1084 2983 ις”·
1112 2899 1239 2968 τούτων
1258 2901 1299 2970 τδ
1321 2899 1377 2969 ιδ”
1398 2899 1547 2988 γίνονται
1570 2904 1618 2970 ιδ’
1639 2917 1668 2967 20

511 3002 551 3086 ζ”
572 3002 636 3093 κη”
656 3002 735 3092 ριβ-”
756 3003 851 3072 σκδ”·
872 3003 975 3071 ταῦτα
998 3000 1059 3072 ἐπὶ
1079 3004 1122 3070 τά
1143 3003 1177 3085 ς’
1198 3005 1257 3074 τοῦ
1277 3001 1385 3093 δίψους
1399 3002 1548 3093 γίνονται
1562 2999 1620 3072 πε’

511 3103 561 3188 ζ”·
581 3107 728 3175 τοσαύτα
748 3106 894 3195 κεράμιά
916 3106 1006 3176 ἐστιν
1028 3102 1047 3172 6
1071 3099 1169 3188 οἶνος.

454 3216 495 3279 53
595 3207 729 3291 Βούτις,
751 3199 791 3298 ἧς
811 3207 833 3300 6
856 3206 924 3277 δίνω
947 3210 1127 3300 διάμετρος
1147 3210 1263 3278 ποδῶν
1283 3208 1326 3294 ς’,
1349 3208 1370 3300 6
1394 3209 1432 3279 δὲ
1446 3209 1539 3279 κάτω
1555 3233 1619 3279 πυ-

510 3310 578 3377 δῶν
598 3310 643 3400 η’,
669 3311 709 3380 τδ
731 3311 770 3380 δὲ
789 3308 878 3403 ύψος
897 3314 1015 3381 ποδῶν
1037 3313 1074 3382 ι’·
1102 3310 1207 3401 εὑρεῖν
1228 3311 1321 3381 πόσα
1342 3311 1486 3403 κεράμια
1507 3317 1619 3403 χωρεῖ·

510 3410 606 3481 ποίει
628 3409 746 3496 ούτως·
769 3413 890 3496 σύνδες
910 3416 968 3505 τὴν
991 3411 1059 3484 δίνω
1081 3413 1259 3505 διάμετρον
1279 3416 1338 3486 καί
1358 3416 1418 3506 τὴν
1436 3414 1544 3483 κάτω·
1568 3414 1618 3504 χί-
1639 3429 1668 3480 25

509 3539 622 3583 νονται
644 3515 708 3583 ιδ’·
735 3506 781 3584 ὧν
801 3518 841 3587 τδ
862 3525 883 3586 8
904 3516 1052 3606 γίνονται
1075 3518 1118 3611 ζ’;
1145 3520 1250 3587 ταῦτα
1272 3515 1326 3609 ἐφ’
1350 3516 1453 3588 ἑαυτά
1475 3516 1620 3607 γίνονται

405 3633 408 3637 ’
509 3615 587 3702 μιν·
607 3623 713 3685 ταῦτα
734 3618 873 3701 δεκάκις
893 3621 953 3690 καί
974 3618 1069 3703 ἅπαξ
1089 3619 1235 3710 γίνονται
1249 3620 1346 3711 ρλβ’·
1369 3619 1496 3690 τούτων
1508 3623 1550 3690 τὸ
1564 3621 1621 3689 ιδ”

430 3711 432 3715 ’
511 3715 656 3811 γίνονται
681 3719 735 3811 λη’
755 3727 792 3788 8·
817 3724 920 3790 ταῦτα
947 3724 1008 3793 ἐπὶ
1033 3724 1076 3791 τά
1104 3722 1131 3791 ι’
1155 3725 1215 3792 τοῦ
1235 3720 1343 3814 ύψυυς
1364 3722 1509 3812 γίνονται
1530 3723 1619 3791 τπε’·

510 3822 657 3890 τοσαῦτα
677 3821 821 3914 κεράμια
840 3829 940 3915 χωρεῖ
959 3824 979 3915 6
1006 3824 1130 3913 βούτις.

455 3923 503 3993 54
594 3926 730 4007 maor,
757 3917 796 3994 06
821 3927 861 3994 τδ
886 3926 947 4014 μὲν
971 3935 1077 4017 μῆκος
1102 3934 1220 4020 πηχῶν
1240 3928 1306 4013 κδ’,
1327 3927 1348 4021 6
1372 3930 1409 3998 δδ
1429 3928 1532 4015 βάσις
1552 3955 1621 4019 πη-
1634 3944 1670 3995 ου

509 4029 575 4114 χῶν
600 4028 643 4113 ς’,
668 4025 689 4119 6
719 4029 758 4098 δὲ
785 4027 876 4098 κάτω
902 4028 1005 4118 βάσις
1025 4033 1139 4122 πηχῶν
1161 4030 1208 4100 δ’·
1237 4029 1340 4120 εύρεῖν
1361 4030 1454 4101 πάσα
1476 4031 1621 4122 κεράμια

577 4235 604 4288 3.
622 4232 666 4295 δὶς
675 4237 805 4307 γίνονται
816 4250 895 4305 usquo
908 4237 940 4288 ιδ
952 4239 1012 4295 τοῖς
1024 4232 1047 4290 ε’
1061 4236 1108 4302 τῆς
1119 4252 1167 4289 om.
1181 4237 1201 4289 B
1281 4237 1336 4303 τῆς]
1348 4239 1408 4295 τοῖς
1416 4236 1452 4302 Μ,
1465 4237 1516 4288 τοῦ
1528 4238 1556 4300 C,
1570 4255 1619 4291 om.

510 4317 530 4369 B
599 4318 622 4369 7.
640 4313 688 4388 ἐφ’
701 4312 785 4371 ἑαυτά
798 4317 857 4369 libri
926 4317 950 4370 8.
969 4311 1056 4384 ἅπαξ]
1069 4313 1106 4370 δι”
1119 4318 1181 4370 libri
1248 4318 1288 4371 13.
1306 4315 1418 4384 ὃυίνος]
1426 4321 1521 4390 χωρεῖ
1530 4319 1570 4370 BC

512 4397 552 4450 1³.
568 4395 772 4470 16.ύφειλεΜΒ
841 4400 882 4451 14.
900 4399 1133 4468 τῆςμείυε]’κοῦΒ
1191 4399 1229 4453 16.
1248 4396 1298 4466 τὴν
1309 4394 1339 4452 α’
1353 4399 1384 4464 (h.
1399 4415 1421 4451 ο.
1434 4395 1485 4466 τὴν
1495 4397 1621 4470 μονάδα)

510 4478 566 4545 ΜΒ,
578 4477 612 4533 τά
626 4476 664 4545 α’,
676 4479 855 4547 υίείίαΙΙοε,ΰ
925 4482 965 4533 17.
984 4473 1280 4554 δπῃ]ὅπειΒ,ύπει(ἶ
1333 4480 1373 4533 18.
1391 4477 1570 4548 η’8]κ8”Β

511 4560 553 4612 22.
570 4558 673 4615 &aava
687 4560 771 4629 οῖνος]
779 4558 896 4632 χωρεῖὴ
909 4563 1002 4616 κοῦπα
1013 4563 1054 4616 BG
1130 4563 1172 4616 23.
1189 4558 1301 4628 Βούτης
1311 4562 1357 4616 ΜΒ
1424 4558 1500 4615 κάτει
1512 4579 1562 4617 ονε.
1576 4564 1622 4617 Μδ

579 4640 620 4693 29.
636 4639 703 4721 βοάτ
715 4641 751 4708 Μ,
762 4638 862 4710 βούτης
872 4644 912 4696 Bc
976 4646 1018 4698 30.
1036 4646 1135 4716 πνμχῶν
1146 4646 1226 4714 prius]
1238 4643 1339 4702 ποδῶν
1349 4645 1409 4698 libri
