3925 5742
792 757 997 812 GEOMETRIA.
1414 764 1447 815 95

370 923 520 1007 ’Άλλως
541 925 562 1015 ἤ
584 925 765 1011 μέθοδος
786 925 845 1008 είς
865 930 910 998 τὸ
931 928 1061 1019 εὸρεῒν
1081 931 1125 999 τὸ
1146 929 1323 1016 ἐμβαδὸν
1343 934 1412 1002 τοῦ
1442 960 1517 1011 (xm)

468 1025 587 1095 αὐτοῦ
608 1032 873 1117 ῥομβοειδοῦς
894 1033 1316 1123 παραλληλογράμμου.

422 1128 705 1198 Πολυπλασίασον
730 1133 773 1199 τὸ
800 1131 931 1200 δώδεκα
956 1141 1015 1224 τῆς
1039 1140 1122 1220 μιᾶς
1147 1137 1213 1202 τών
1237 1133 1368 1222 βάσεων
1389 1133 1447 1228 λη’
1462 1146 1502 1206 57
1573 1208 1576 1213 ,
1670 1142 1672 1146 ’

335 1227 457 1298 ἑαυτά·
480 1228 628 1318 γίνονται
650 1233 737 1322 ρμὸ’·
759 1237 863 1338 ταῦτα
884 1235 988 1304 πάλιν
1002 1235 1061 1304 έπὸ
1074 1236 1134 1305 τὸν
1147 1239 1449 1325 πολυπλασιασμὸν

297 1355 313 1404 5
334 1341 396 1423 τῆς
416 1333 576 1417 καθέτου,
598 1330 695 1424 ἤγουν
716 1335 776 1404 ἐπὶ
796 1338 839 1405 τὸ
860 1339 916 1426 μγ’
935 1345 956 1407 S
972 1338 1025 1406 δ”·
1041 1337 1187 1425 γίνονται
1200 1337 1270 1426 ,ςτ’·
1287 1329 1333 1408 ὧν
1347 1343 1449 1408 πλευ-

333 1437 378 1525 ρὸ
406 1437 627 1525 τετραγωνική
650 1434 776 1525 γίνεται
798 1440 857 1508 οθ’
879 1440 920 1528 γ”
941 1443 984 1509 λδ
989 1441 1006 1469 ”
1027 1440 1101 1530 ρβ”,
1122 1437 1199 1531 ἤτοι
1219 1442 1363 1527 μονάδες
1384 1442 1447 1512 οθ’

333 1538 396 1605 καὶ
417 1539 524 1605 λεπτά
546 1540 869 1630 πεντηκοστὸπρωτα
891 1543 1062 1612 δεκαεννέα
1083 1539 1167 1633 παρ’
1183 1541 1305 1630 ὀλίγον·
1327 1545 1447 1613 τοσοί-

333 1666 402 1708 των
419 1636 573 1725 σχοινίων
588 1640 627 1707 τὸ
640 1641 788 1729 ἐμβαδὸν
797 1645 857 1711 τοῦ
868 1646 1090 1734 ῥομβοειὸοῦςι
1096 1646 1447 1735 παραλληλογράμμου.

423 1741 640 1833 Διηρημένως
667 1744 705 1813 ὸὸ
730 1743 803 1826 ἑνὸς
822 1744 963 1814 ἑκάστου
984 1745 1143 1837 τριγώνου
1164 1748 1204 1815 τὸ
1226 1746 1374 1833 έμβαδὸν
1395 1745 1448 1816 τὸ·
1475 1779 1506 1816 ιἸ

284 1865 315 1914 10
335 1850 420 1934 ρεῖν·
442 1845 586 1936 ποίησον
607 1843 723 1926 οὕτως·
746 1846 1021 1917 πολυπλασίασον
1041 1850 1081 1917 τὸ
1100 1846 1204 1939 ἤμισν
1218 1852 1276 1940 τῆς
1289 1855 1371 1935 μιᾶς
1383 1851 1448 1917 τών

334 1946 467 2034 βάσεων
493 1944 591 2037 ἤγουν
616 1949 659 2015 τὸ
687 1947 720 2030 ς’
742 1946 798 2039 ἐφ’
821 1945 936 2018 ἑαυτά·
966 1949 1112 2037 γίνονται
1133 1949 1197 2032 λς’·
1219 1952 1323 2018 ταῦτα
1344 1950 1447 2019 πάλιν

335 2049 398 2117 ἐπὶ
422 2050 482 2118 τὸν
509 2052 808 2136 πολυπλασιασμὸν
833 2053 892 2142 τῆς
916 2053 1062 2122 καθέτου
1082 2049 1182 2143 ἤγουν
1202 2051 1263 2121 έπί
1283 2053 1326 2120 τὸ
1347 2052 1406 2139 μγ’
1427 2057 1448 2120 8

336 2151 380 2218 δ”
401 2150 547 2238 γίνονται
568 2153 687 2246 ,αφοά
711 2145 757 2220 ών
779 2155 906 2242 πλευραὶ
926 2155 1145 2246 τετραγωνικῆ
1168 2152 1294 2242 γίνεται
1316 2155 1377 2222 λθ’
1398 2153 1448 2222 δι”
1515 2146 1521 2158 ’

335 2253 410 2337 να”,
431 2251 505 2343 ἤτοι
527 2256 670 2340 μονάδες
690 2255 751 2323 λθ’
772 2256 830 2323 καὶ
850 2257 959 2324 λεπτά
973 2256 1297 2346 πεντηκοστάπρωτα
1311 2257 1369 2324 λε’·
1391 2280 1447 2324 το-

283 2374 314 2423 15
337 2356 464 2425 σοάτων
490 2355 642 2442 σχοινίων
667 2359 706 2426 τὸ
733 2358 881 2445 ἐμβαδὸν
907 2355 980 2439 ἑνὸς
1005 2356 1145 2426 ἑκάστου
1169 2357 1337 2447 τριγώνου.
1382 2355 1448 2442 άμ-

335 2458 486 2548 φοτέρων
518 2459 556 2526 ὸὸ
586 2460 652 2527 τών
676 2461 840 2549 τριγώνων
865 2457 941 2551 ἤτοι
968 2467 1028 2528 τοῦ
1058 2458 1137 2530 ὅλου
1165 2460 1384 2549 ῥομβοειδοῦς
1409 2459 1449 2528 τὸ

335 2563 486 2649 ἐμβαδὸν
507 2562 660 2648 σχοινίων
674 2561 992 2654 ὸβδομηκονταεννέα
1007 2563 1065 2630 καί
1079 2563 1209 2630 λεπτῶν
1223 2585 1447 2654 πεντηκοστο-

336 2662 479 2753 πρώτων
501 2664 680 2733 δεκαεννέα.

419 2765 497 2834 Ἐάν
519 2767 636 2836 δὲκαὶ
658 2764 707 2848 εἰς
728 2767 1070 2858 παραλληλόγραμμον
1092 2764 1299 2854 ὀρθογώνιον
1312 2766 1370 2834 καί
1385 2764 1447 2835 δάο
1463 2769 1502 2832 58

278 2883 314 2933 20
334 2865 480 2956 τρίγωνα
500 2870 646 2961 σκαληνὰ
668 2867 857 2959 ὀρθογώνια
880 2871 1040 2961 διαιρεθῇ
1061 2870 1271 2937 τὸτοιοῦτον
1292 2875 1447 2959 ῥομβοει-

335 2970 408 3053 δές,
437 2970 563 3058 γίνεται
589 2970 661 3054 ἑνὸς
689 2971 829 3042 ἑκάστου
851 2971 1023 3063 τμήματος
1042 2969 1308 3062 ἦάναμὲτρησις
1329 2971 1446 3052 οὕτως·

335 3071 356 3162 ἡ
385 3074 513 3162 κορυφῆ
539 3074 597 3141 καὶ
624 3073 646 3162 ἦ
673 3075 773 3162 βάσις
793 3075 853 3142 τοῦ
875 3071 1082 3162 ὀρθογωνίου
1104 3074 1446 3165 παραλληλογράμμου
1474 3097 1486 3134 2

336 3174 402 3243 άνὸι
429 3176 583 3261 σχοινίων
611 3176 645 3244 δ’
666 3182 699 3257 8,
720 3178 763 3244 τὸ
786 3177 824 3244 δέ
844 3175 881 3262 β’
904 3176 1002 3268 σκέλη
1025 3178 1111 3244 κατά
1133 3178 1192 3244 τὸν
1213 3175 1448 3264 προγραφέντα

337 3277 489 3368 ὀριθμὸν
509 3286 568 3366 τῆς
588 3279 734 3347 καθέτου
755 3281 820 3346 τῶν
839 3278 1013 3366 τριγώνων.
1056 3280 1098 3346 τὸ
1122 3277 1155 3345 δ’
1176 3284 1196 3345 8
1215 3280 1274 3368 τῆς
1287 3280 1369 3363 μιᾶς
1382 3284 1449 3346 τών

288 3402 324 3452 25
335 3382 469 3470 βάσεων
489 3379 830 3466 πολυπλασιαζόμενα
850 3379 908 3472 ἐφ’
928 3380 1030 3449 ἑαυτὸν
1049 3378 1196 3469 γίνονται
1211 3377 1318 3449 εἴκοσι
1333 3378 1447 3468 τέταρ·

335 3510 410 3552 τον·
438 3484 677 3552 ταῦταπάλιν
702 3480 762 3552 ὀπί
787 3485 846 3551 τὸν
873 3485 1175 3568 πολυπλασιασμὸν
1196 3485 1254 3552 τοῦ
1276 3480 1349 3562 ἑνὸς
1370 3481 1447 3550 σκέ-

335 3589 430 3668 λους,
460 3582 559 3675 ἤγουν
590 3586 649 3654 έπὸ
682 3586 725 3653 τὸ
752 3585 812 3671 μγ’
838 3591 859 3653 8
886 3585 938 3670 δ”,
965 3585 1113 3673 γίνονται
1140 3585 1230 3668 ωπς’
1258 3586 1353 3674 παρὸ
1380 3583 1447 3666 ις”·

336 3681 384 3756 ών
406 3689 533 3778 πλευραὶ
553 3688 772 3778 τετραγωνικῆ
796 3685 922 3773 γίνεται
944 3687 1041 3755 κθ’8
1064 3688 1106 3756 δ”
1128 3688 1195 3779 ξη”,
1217 3685 1293 3778 ἤτοι
1307 3687 1449 3774 μονάδες

335 3790 399 3858 κθ’
428 3790 487 3858 καὶ
514 3791 620 3857 λεπτοὶ
645 3788 970 3881 πεντηκοστόπρωτα
997 3790 1067 3858 λθ’·
1100 3790 1267 3860 τοσούτων
1294 3787 1448 3875 σχοινίων

281 3913 316 3963 30
335 3893 377 3961 τὸ
409 3891 555 3977 ἐμβαδὸν
586 3893 644 3960 τοῦ
672 3889 873 3982 ὀρθογωνίου
900 3892 1252 3983 παραλληλογράμμου.
1295 3894 1360 3960 τών
1387 3890 1448 3960 δίο
1474 3903 1503 3955 υ·

337 3989 553 4083 ὀρθογωνίων
579 3993 744 4084 τριγώνων
768 3995 809 4063 τὸ
837 3990 983 4080 ἐμβαδὸν
1003 3991 1176 4084 ἦνωμένως
1198 3990 1315 4082 εὸρεῖν·
1343 3995 1447 4062 πολυ-

410 4246 704 4321 1.ἧμέθοδοςοοι.Ι]
784 4243 901 4316 ml)
981 4242 1165 4314 5.,ςτΊςἸ]
1246 4246 1270 4297 7.
1289 4244 1368 4296 ιθῚ)

341 4331 381 4382 10.
400 4326 437 4383 S‘'
451 4332 473 4381 D
562 4332 600 4383 14.
618 4328 674 4384 νοι”
686 4327 741 4387 να”
755 4331 776 4382 1)
864 4331 903 4382 17.
923 4326 973 4382 σθ’
990 4330 1037 4381 καὶ
1048 4329 1158 4382 λεπτῶν
1170 4322 1217 4381 μα’
1229 4321 1266 4381 ν”
1280 4320 1368 4379 MD

341 4414 381 4466 19.
396 4409 469 4476 Ἐάν]
484 4409 524 4465 ’Et
535 4413 571 4479 A,
591 4413 659 4467 011)
744 4409 797 4464 δύο
808 4414 939 4482 τρίγωνα]
949 4407 980 4478 β’
995 4411 1072 4464 Aul)
1159 4410 1200 4461 23.
1220 4406 1367 4476 σχοινίαΑ

338 4496 381 4546 25.
400 4491 428 4547 κ’
440 4491 515 4547 δ”ὓ
596 4495 637 4546 16.
655 4493 706 4545 τοῦ
717 4504 775 4548 ante
788 4490 944 4554 ἑνὸςοω.Ι)
1026 4492 1066 4542 29.
1085 4487 1141 4545 να”
1155 4485 1246 4545 να”1)
1315 4487 1356 4539 31.
1376 4483 1448 4554 ἡνω-

337 4576 459 4645 μένονΙ)
