3925 5742
503 535 553 587 2³⁰
914 550 917 555 ¹
986 527 1130 581 unnoms

437 693 494 754 182
548 732 550 740 ,
587 683 714 764 ’Άλλως
735 684 774 752 δδ
797 682 910 751 πάλιν.
954 682 1012 770 τὸν
1034 679 1214 767 διάμετρον
1235 680 1296 748 έπὶ
1309 682 1353 748 τὸ
1367 681 1421 767 νβ’
1436 677 1615 749 πολυπλα-

503 787 626 868 σιοίσας
646 785 774 877 μέριζε·
798 777 842 853 ὧν
864 783 912 867 ζ”.

437 895 494 958 183
588 887 677 956 Ἀπὸ
710 894 771 976 τῆς
803 885 1002 975 περιμέτρου
1032 885 1073 952 τὸ
1104 883 1251 969 ἐμβαδὸν
1277 881 1397 972 εὸρεῖν·
1429 883 1528 952 ποίει
1555 885 1617 973 τήν

503 988 701 1079 περίμετρον
722 986 778 1080 ἐφ’
801 986 930 1077 ἑαυτήν·
952 989 1058 1053 ταῦτα
1080 985 1140 1054 ἐπὶ
1160 986 1204 1053 τὸ
1222 985 1270 1073 ζ’·
1294 978 1340 1052 τὸν
1362 987 1432 1075 πη”
1457 985 1553 1054 ἔσται
1574 989 1616 1054 τὸ

502 1090 657 1179 ἐμβαδὸν.
934 1145 937 1148 -
1638 1113 1652 1160 5

438 1202 498 1264 184
589 1191 677 1261 Ἀπὸ
711 1191 908 1281 περιμέτρου
938 1189 997 1258 καὶ
1025 1188 1215 1276 διαμέτρου,
1249 1189 1418 1257 τουτέστιν
1445 1189 1504 1257 ἐὸν
1530 1188 1617 1275 μίξω

501 1297 560 1385 τήν
581 1294 759 1382 διάμετρον
779 1296 836 1361 καί
859 1293 918 1380 τήν
939 1292 1145 1380 περίμετρον,
1166 1292 1205 1359 τὸ
1222 1290 1367 1378 ἐμβαδὸν
1381 1290 1499 1382 εὸρεῖν·
1521 1291 1616 1360 ποίει

502 1395 620 1477 οὕτως·
653 1394 723 1464 οίπὸ
757 1394 937 1482 διαμέτρου
966 1393 1025 1460 καί
1053 1390 1253 1481 περιμέτροο
1280 1392 1422 1483 χωρίσαι
1451 1395 1513 1482 τὴν
1540 1393 1614 1462 διοί-

501 1523 619 1586 μετρον
645 1497 703 1565 καί
729 1499 787 1586 τήν
816 1495 1027 1583 περίμετρον·
1063 1493 1157 1561 ποίει
1186 1494 1303 1575 οὕτως·
1336 1498 1396 1576 τὸς
1423 1493 1618 1587 δμφοτέρας

502 1602 616 1690 φωνὰς
637 1599 696 1666 ἐπὶ
718 1603 783 1666 τῶν
803 1599 862 1680 νζ’·
893 1598 951 1664 καί
973 1597 1101 1684 μέριζε·
1128 1589 1175 1664 ὦν
1196 1597 1276 1664 ff·
1308 1598 1395 1680 ἕξεις
1415 1600 1474 1688 τὴν
1497 1600 1615 1684 διάμε-
1638 1617 1667 1666 10

502 1727 594 1789 τρον·
618 1701 675 1769 καί
697 1702 740 1767 τὸ
761 1699 1015 1790 ὑπολειφθέντα
1037 1696 1133 1766 ἔσται
1155 1697 1176 1786 ἡ
1201 1698 1407 1789 περίμετρος.
1451 1702 1491 1768 τὸ
1513 1699 1617 1791 ἥμισυ

502 1809 560 1892 τῆς
583 1802 761 1888 διαμέτρου
783 1801 843 1869 ἐπὶ
865 1803 904 1868 τὸ
921 1798 1023 1890 ἥμισυ
1038 1807 1098 1890 τῆς
1112 1802 1312 1892 περιμέτρου
1327 1800 1617 1886 πολυπλασίασον,

503 1904 560 1971 καὶ
583 1903 669 1984 ἕξεις
689 1904 729 1970 τὸ
751 1901 905 1988 ἐμβαδὸν.
1016 1952 1020 1960 .

437 2017 494 2078 185
593 2006 640 2072 Τὸ
667 2004 814 2091 ἐμβαδὸν
836 2000 939 2091 εὑρεῖν
961 2000 1033 2069 α’πὸ
1055 2011 1115 2093 τῆς
1137 2006 1330 2093 διαμέτρου·
1355 2008 1414 2095 τήν
1437 2007 1617 2096 διάμετρον

504 2103 559 2197 ἐφ’
580 2105 711 2196 ἑαυτήν·
733 2110 839 2173 ταῦτα
860 2104 1044 2186 ένδεκοίκις·
1068 2100 1114 2173 ὦν
1135 2107 1197 2197 κη”
1221 2104 1316 2175 ἔσται
1337 2111 1377 2176 τὸ
1400 2109 1557 2194 ε’μβαδόν.
1636 2130 1664 2179 15

436 2219 494 2280 186
593 2210 659 2298 Τὸν
686 2208 884 2298 περίμετρον
906 2204 1020 2296 εὸρεῖν·
1048 2209 1107 2296 τήν
1129 2209 1307 2297 διάμετρον
1328 2211 1388 2278 ἐπὶ
1409 2213 1451 2277 τὸ
1473 2213 1528 2298 νβ’
1551 2237 1618 2281 πο·

503 2308 708 2393 λυπλασίαζε
729 2312 787 2377 καὶ
808 2310 937 2400 μέριζε·
961 2302 1007 2376 ὧν
1030 2310 1086 2378 ιδ”
1108 2308 1204 2379 έσται
1226 2309 1246 2402 ἡ
1270 2312 1477 2402 περίμετρος.

327 2439 332 2453 ·
437 2419 495 2482 187
589 2410 677 2480 Ἀπὸ
704 2419 764 2502 τῆς
792 2411 990 2501 περιμέτρου
1018 2411 1121 2501 εὑρεῖν
1142 2415 1201 2504 τὴν
1222 2415 1411 2504 διάμετρον·
1437 2418 1497 2506 τὴν
1518 2418 1616 2506 περί-

502 2539 619 2603 μετρον
640 2513 698 2582 έπί
720 2516 762 2581 τὸ
786 2516 845 2583 ιδ’·
868 2509 912 2582 ὧν
933 2515 1001 2601 κβ”
1024 2513 1118 2584 έσται
1140 2514 1161 2606 ἦ
1184 2519 1369 2607 διάμετρος.

437 2622 494 2685 188
589 2613 677 2684 Ἀπὸ
708 2619 909 2707 περιμέτροο
939 2619 978 2684 τὸ
1007 2618 1153 2706 ἐμβαδὸν
1180 2617 1297 2704 εὑρεῖν·
1329 2622 1388 2709 τήν
1415 2620 1617 2713 περίμετρον
1635 2639 1665 2689 20

503 2716 560 2809 ἐφ’
582 2716 714 2809 ἑαυτήν·
736 2721 841 2788 ταῦτα
862 2719 923 2788 ἐπὶ
943 2721 987 2787 τὸ
1010 2720 1048 2802 ζ’·
1071 2714 1117 2787 ὧν
1137 2721 1205 2807 μδ”
1228 2719 1322 2790 ἔσται
1343 2723 1382 2790 τὸ
1404 2722 1562 2809 ἐμβαδὸν.

435 2825 495 2888 189
587 2818 677 2891 'Ana
697 2825 756 2890 τοῦ
778 2822 926 2908 ἐμβαδοῦ
946 2823 1005 2912 τὸν
1026 2823 1225 2911 περίμετρον
1246 2821 1362 2913 εὑρεῖν·
1386 2824 1480 2893 ποίει
1502 2828 1542 2894 τὸ
1558 2828 1615 2914 ἑμ-

502 2923 608 3010 βαὸὸν
635 2923 696 2992 ἐπὶ
721 2925 763 2991 τὸ
790 2924 865 3010 μδ’·
892 2925 951 2992 καί
976 2923 1104 3014 μέριζε·
1132 2918 1177 2993 ὧν
1200 2925 1250 3008 ζ”·
1273 2927 1415 2995 καὶτῶν
1437 2932 1616 3015 γινομένων

501 3026 650 3113 λοίμβανε
671 3028 815 3111 πλευρὸν
836 3027 1088 3116 τετραγωνικήν·
1111 3023 1206 3094 έσται
1227 3026 1247 3116 ἡ
1271 3025 1476 3120 περίμετρος.

435 3134 494 3196 190
586 3125 675 3195 Ἀπὸ
700 3131 758 3197 τοῦ
779 3129 928 3215 έμβαδοῦ
948 3129 1007 3217 τὴν
1030 3129 1208 3219 διάμετρον
1229 3126 1347 3220 εὸρεῖν·
1376 3129 1471 3200 ποίει
1492 3134 1533 3201 τὸ
1557 3133 1614 3219 ε’μ-
1635 3154 1666 3204 25

502 3230 609 3315 βαὸὸν
630 3229 691 3297 ἐπὶ
711 3231 754 3297 τὸ
775 3229 846 3319 κη’·
876 3229 934 3301 καί
954 3229 1083 3317 μέριζε·
1105 3223 1151 3297 ὦν
1173 3230 1242 3298 ια”·
1266 3234 1409 3301 καὶτῶν
1431 3237 1616 3320 συναχθέν-

501 3356 568 3398 των
587 3330 736 3416 λοίμβανε
757 3333 902 3415 πλευρὸν
922 3332 1172 3422 τετραγωνικήν·
1194 3332 1289 3402 ἔσται
1310 3332 1331 3426 ἦ
1355 3335 1544 3426 διάμετρος.

435 3444 488 3505 191
587 3433 773 3513 Πιδσειδές
794 3435 903 3522 σχῆμα
924 3434 1136 3523 μετρήσωμεν
1157 3462 1186 3503 κ.
1201 3461 1230 3502 τ.
1244 3438 1272 3503 λ.
1300 3443 1346 3522 (V.
1363 3443 1438 3506 ster.
1453 3443 1490 3521 11,
1506 3445 1571 3524 26).

436 3544 493 3606 192
587 3531 704 3605 Πίθου
726 3538 966 3625 σφαιροειδοῦς
988 3534 1007 3625 ἦ
1029 3537 1114 3624 πρὸς
1128 3538 1167 3604 τὸ
1179 3540 1287 3619 χεῖλος
1303 3537 1480 3627 διάμετρος
1493 3567 1525 3607 κ.
1539 3566 1571 3609 τ.
1585 3543 1615 3608 λ.

448 3654 451 3660 ·
503 3644 548 3724 ιν.
563 3643 634 3706 ibid.
649 3643 713 3721 τι).
1398 3721 1402 3737 ,
1636 3660 1667 3711 30

434 3747 493 3809 193
583 3737 703 3809 ’Άλλου
725 3737 835 3808 πίθου
857 3738 878 3829 ἦ
900 3739 993 3809 κοίτω
1016 3738 1194 3830 διάμετρος
1214 3765 1243 3808 κ.
1258 3766 1288 3808 τ.
1302 3745 1331 3809 λ.
1354 3747 1398 3826 (V.
1414 3748 1483 3811 ibid.
1499 3750 1566 3829 28).

433 3849 493 3911 194
575 3839 689 3911 ’Ἔστω
710 3843 830 3932 λουτὴρ
853 3840 1048 3931 στρογγύλος
1068 3867 1098 3908 κ.
1113 3865 1141 3908 τ.
1157 3844 1184 3908 λ.
1208 3849 1253 3921 (V.
1269 3848 1337 3911 ibid.
1353 3849 1435 3939 29)
1480 3899 1482 3903 .

570 4096 742 4165 1.κβ’]ιιῆῦ
793 4097 1147 4168 4.ἔφεοιιοισο1εσοωρ.(1
1199 4100 1615 4155 4.15.17.19.24.2’1.ἕστω9

568 4183 712 4252 λλμίζωῦ
764 4184 789 4236 9.
803 4184 925 4236 σοιῶνῦ
996 4184 1036 4234 19.
1049 4173 1184 4253 νζτοΙμξ
1194 4182 1217 4234 G
1276 4185 1315 4236 15.
1328 4182 1480 4254 ἑνδειιιίιιις]
1493 4189 1562 4240 aaa

499 4263 541 4315 20.
559 4261 860 4337 λμβαδδνΙέβδομονίὶ
933 4265 975 4315 21.
994 4263 1089 4317 ἔστιῦ
1162 4264 1204 4316 23.
1221 4267 1416 4335 γιναμένωνῦ
1485 4269 1530 4322 25.
1550 4268 1613 4322 διεί-

497 4346 610 4412 μετρον]
624 4350 793 4416 ιτερίμετρον
806 4346 828 4400 G
897 4347 940 4397 26.
959 4342 1017 4413 ια”]
1032 4351 1044 4397 ῖ
1059 4345 1081 4399 G
