3925 5742
886 799 1076 852 armanno
1473 824 1539 867 nn

428 962 538 1020 exstat
558 953 799 1042 redigerentur,
824 952 878 1017 vel
901 952 1005 1020 obiter
1026 954 1188 1040 legentem
1210 956 1312 1021 latere
1333 977 1399 1021 non
1421 964 1538 1044 potest.

425 1059 503 1146 Ego
530 1059 670 1147 primum
693 1058 829 1125 diversis
852 1057 1034 1126 litterarum
1056 1058 1205 1126 ductibus
1228 1059 1361 1127 distinxi
1377 1085 1538 1150 quaecun-

427 1189 493 1253 que
516 1166 713 1232 scholiorum
735 1165 837 1232 instar
860 1188 962 1254 eaque
986 1165 1091 1233 aliena
1114 1166 1154 1233 ab
1171 1166 1241 1254 ipso
1256 1166 1331 1233 libri
1346 1177 1538 1256 argumento

427 1271 540 1338 addita
563 1295 634 1338 esse
657 1280 836 1360 appareret.
883 1273 979 1354 Tum,
1004 1282 1158 1361 quantum
1181 1272 1214 1339 id
1237 1272 1270 1339 in
1293 1274 1476 1362 praesentia
1490 1274 1538 1341 in-

426 1378 543 1465 dagari
571 1386 712 1467 poterat,
743 1378 836 1444 uncis
858 1377 923 1445 alia
945 1379 1061 1445 inclusi
1085 1402 1168 1468 qnae
1190 1380 1381 1446 recentioris
1404 1380 1539 1468 originis

427 1506 500 1550 esse
523 1485 720 1551 viderentur.
769 1482 868 1550 Cuius
891 1485 1067 1552 notationis
1091 1509 1174 1573 quae
1189 1510 1319 1575 quoque
1333 1488 1405 1553 loco
1423 1499 1539 1555 causae

427 1590 560 1675 fuerint,
583 1591 637 1657 hic
660 1590 804 1657 breviter
827 1612 991 1678 exponere
1014 1613 1080 1657 non
1101 1614 1232 1680 possum
1249 1630 1291 1641 -
1307 1616 1383 1658 nam
1399 1592 1554 1680 pertinet.

427 1720 468 1764 ea
497 1698 643 1785 quaestio
673 1697 713 1762 ad
743 1696 931 1762 latissimam
960 1697 1000 1763 de
1031 1698 1156 1785 origine
1178 1699 1292 1765 harum
1316 1698 1538 1766 definitionum

427 1803 678 1892 disputationem
702 1839 746 1851 —-
768 1826 829 1869 nec
857 1804 966 1869 omnia
989 1805 1169 1871 recentiora
1192 1829 1211 1871 a
1233 1805 1463 1872 vetustioribus
1487 1829 1539 1874 me

425 1909 615 1976 distinxisse
644 1909 810 1995 existim03
840 1909 897 1975 sed
927 1933 966 1975 ea
994 1919 1103 1977 tamen
1131 1911 1220 1978 nolui
1250 1911 1436 1998 suspitionis
1463 1921 1539 1978 nota

428 2039 541 2084 carere
580 2028 664 2105 quae
702 2037 744 2080 ex
780 2015 979 2102 argumentis
1009 2016 1074 2082 iam
1103 2043 1190 2085 nunc
1219 2017 1443 2107 probabilibus
1470 2040 1538 2084 cer·

428 2123 533 2211 tisque
573 2122 649 2189 olim
686 2120 803 2188 futuris
840 2121 1013 2187 recentiori
1049 2124 1175 2192 cuidam
1209 2125 1333 2191 auctori
1367 2124 1538 2192 tribuenda

425 2239 545 2295 essent.

515 2336 562 2402 II.
596 2336 637 2402 In
653 2338 779 2404 edenda
795 2337 852 2406 Ge
863 2338 1051 2421 ometria,
1067 2347 1104 2404 ut
1119 2361 1178 2426 par
1192 2337 1262 2420 suit,
1277 2338 1381 2403 solum
1393 2338 1538 2405 codicem

426 2440 458 2507 A
475 2452 605 2509 secutus
621 2467 707 2530 sum3
725 2469 796 2511 eam
813 2453 920 2510 autem
937 2442 1043 2532 operis
1060 2434 1196 2509 formam
1212 2467 1308 2531 quam
1320 2442 1364 2527 D,
1376 2443 1538 2510 recentior

425 2549 519 2633 liber,
543 2550 641 2616 habet
664 2552 697 2617 in
721 2552 944 2618 adnotationes
967 2550 1075 2617 reieci.
1120 2547 1335 2616 ParisinusA
1359 2558 1480 2637 quanta
1496 2549 1538 2614 sit

425 2657 634 2744 praestantia,
651 2658 685 2723 id
700 2659 801 2724 habes
817 2657 1031 2724 certissimum
1048 2665 1284 2744 argumentum,
1298 2654 1386 2743 quod
1401 2655 1435 2720 in
1448 2663 1537 2721 tanta

425 2785 634 2830 numerorum
659 2765 752 2853 copia
774 2764 895 2831 nullam
919 2763 1045 2830 numeri
1067 2773 1176 2829 notam
1201 2762 1281 2828 vitio
1298 2761 1451 2851 scriptam
1467 2783 1537 2827 esse

426 2868 539 2935 inveni
562 2880 636 2936 ante
658 2893 689 2958 p.
705 2873 758 2954 88,
766 2872 797 2953 3,
816 2871 868 2938 cui
884 2870 1022 2938 accessit
1037 2870 1173 2937 alterum
1189 2869 1341 2935 mendum
1356 2891 1386 2956 p.
1402 2867 1537 2950 130,14.

426 2975 538 3064 Atque
568 2977 665 3043 etiam
694 3001 725 3066 p.
753 2979 883 3061 128,19
914 2976 1038 3066 aliquid
1065 2976 1229 3043 turbatum
1252 2984 1316 3061 est3
1345 2997 1406 3044 nec
1429 2983 1538 3041 tamen

428 3106 466 3149 ea
494 3083 619 3150 librarii
649 3085 741 3172 culpa
770 3106 841 3149 esso
868 3084 1006 3150 videtur.
1051 3082 1147 3150 Haec
1170 3082 1269 3169 igitur
1297 3083 1365 3149 sola
1387 3091 1537 3150 notarum

426 3187 545 3254 menda
567 3189 600 3254 in
624 3198 672 3254 tot
694 3189 823 3257 milibus
844 3212 1051 3256 numerorum
1068 3210 1120 3253 me
1136 3188 1170 3252 in
1186 3189 1216 3252 Α
1231 3187 1373 3276 reperire
1389 3188 1536 3274 memini3

426 3317 488 3360 nec
511 3317 589 3360 vcro
614 3294 684 3361 aliis
708 3295 742 3361 in
764 3297 861 3362 rebus
884 3295 1042 3360 minorem
1066 3293 1134 3360 eius
1158 3294 1255 3359 fidem
1279 3302 1430 3381 expertus
1454 3318 1535 3361 sum.

431 3400 477 3469 Ut
499 3401 563 3466 alia
586 3410 722 3484 taceam,
747 3412 868 3468 certam
891 3402 1051 3470 rationem
1074 3400 1126 3466 hic
1149 3400 1233 3467 liber
1247 3401 1481 3467 demonstravit
1496 3402 1537 3468 ad

428 3506 674 3592 distinguendas
696 3510 816 3575 formas
839 3506 941 3593 γίνεται
967 3516 1000 3574 et
1019 3505 1150 3593 γίνονται,
1174 3507 1208 3573 in
1223 3507 1356 3595 reliquis
1372 3507 1537 3576 codicibus

428 3666 616 3755 saepissime
639 3676 695 3734 aut
717 3667 802 3733 inter
825 3691 860 3734 se
884 3669 1033 3734 confusas
1057 3676 1112 3734 aut
1130 3666 1283 3755 ambigue
1298 3667 1383 3733 notis
1399 3633 1435 3750 i',
1451 3634 1479 3752 d,
1495 3667 1538 3751 μί’

428 3782 577 3840 exaratas
590 3772 631 3862 ¹).
678 3772 752 3854 Qua
782 3774 815 3840 in
842 3797 878 3840 re
902 3798 998 3863 quem
1022 3774 1151 3840 dicendi
1173 3798 1266 3841 usum
1291 3772 1411 3840 Graeci
1435 3773 1537 3839 secuti

428 3878 507 3964 sint,
535 3879 658 3967 primus
680 3879 776 3945 nobis
799 3890 911 3946 auctor
935 3889 984 3945 est
999 3879 1186 3946 Herodotus
1210 3878 1365 3968 (7‚184),
1391 3877 1446 3968 qui
1470 3865 1536 3968 ipr-

427 3993 475 4063 λος
497 3983 600 4070 μίιεται
624 3980 787 4072 τρισμύριοι
811 3994 844 4051 et
866 3978 900 4050 sd
928 3979 1054 4050 ναυτικόν
1078 3981 1194 4072 σύμπαν
1218 3980 1260 4052 {dv
1284 3981 1457 4072 πεντήκοντα
1479 3992 1536 4072 μύ-
1635 4010 1636 4015 ’

426 4087 522 4175 ριᾶδες
550 4101 583 4157 et
606 4093 722 4178 πλῆθος
745 4090 942 4188 συντιθέμενον
964 4090 1070 4176 γίνεται
1093 4085 1239 4177 διηκόσιαι
1261 4086 1395 4178 μυριάδες
1420 4100 1452 4157 et
1474 4091 1537 4158 alia

427 4195 462 4262 id
485 4219 589 4285 genus
612 4197 683 4262 aliis
706 4197 786 4264 locis
809 4198 983 4287 scripserit.
1028 4198 1119 4286 Ergo
1143 4197 1338 4284 ubicumque
1362 4196 1396 4262 in
1418 4197 1537 4265 talibus

499 4417 528 4481 1)
545 4415 616 4472 Nolo
638 4416 684 4471 hic
707 4417 816 4472 silentio
838 4418 963 4472 omittere
988 4431 1030 4471 me
1048 4415 1120 4472 infra
1137 4417 1166 4471 in
1183 4415 1358 4473 adnotatione
1376 4417 1471 4473 critica
1487 4417 1537 4476 hos

427 4499 516 4602 varios
534 4499 640 4570 ductus,
658 4516 694 4556 ne
711 4507 821 4572 praeter
836 4502 1027 4558 necessitatem
1045 4501 1214 4572 typothetam
1226 4517 1360 4572 vexarem,
1378 4505 1478 4574 ubique
1488 4506 1539 4574 p'er

428 4603 457 4653 ys
485 4584 601 4640 dedisse.
