3925 5742
855 747 1045 802 raanrsrro
1463 777 1502 821 vn

389 902 514 970 contuli
539 911 697 990 quantum
719 901 797 968 satis
813 924 884 968 esse
899 902 1079 991 videretur3
1103 914 1211 972 cetera
1227 907 1331 988 omisi,
1348 909 1501 995 quoniam

387 1009 470 1075 nihil
491 1009 560 1075 fere
575 1009 610 1075 in
625 1032 664 1074 eo
679 1009 761 1076 libro
778 1008 866 1098 quod
880 1012 1128 1098 praeferendum
1144 1022 1229 1078 esset
1243 1013 1375 1101 reliquis
1391 1014 1501 1082 inveni

388 1118 489 1204 (conf.
513 1115 599 1182 infra
621 1116 713 1200 adl,
736 1116 797 1201 IV,
821 1114 879 1204 V).

479 1223 513 1288 D
527 1251 569 1281 =
581 1223 721 1291 Parisini
732 1223 821 1289 2013
832 1246 907 1310 pars
919 1223 1017 1311 prior,
1026 1247 1110 1312 quae
1123 1225 1267 1294 continet
1278 1225 1500 1311 geometriam.

479 1331 510 1396 E
524 1359 566 1388 =
579 1329 724 1396 eiusdem
738 1331 815 1397 libri
830 1354 905 1418 pars
917 1333 1029 1413 altera,
1042 1355 1126 1420 quae
1139 1332 1283 1399 continet
1295 1332 1501 1420 geodaesiam

388 1460 408 1502 a
431 1437 738 1505 f01.141·-151·.
782 1437 835 1504 Nc
859 1437 932 1526 quis
954 1437 1090 1505 miretur
1111 1461 1163 1505 mc
1187 1461 1229 1504 ex
1244 1463 1309 1506 uno
1326 1437 1438 1506 codice
1453 1441 1499 1506 fc·

388 1544 473 1611 cisse
497 1544 588 1628 duos,
612 1552 701 1610 certe
724 1552 799 1610 sunt
822 1545 885 1610 duo
903 1542 1023 1610 diversi
1039 1543 1168 1611 codices
1184 1569 1204 1611 a
1220 1543 1344 1611 duobus
1360 1543 1499 1611 librariis

388 1650 513 1738 scripti,
537 1651 593 1717 sed
616 1651 649 1716 in
672 1673 772 1717 unum
794 1652 947 1717 volumen
969 1651 1123 1739 colligati.
1163 1651 1208 1717 Et
1223 1651 1377 1740 quoniam
1391 1661 1499 1739 partes

387 1757 549 1846 quaedam
572 1757 766 1845 geodaesiae
789 1758 885 1845 plane
909 1767 1094 1845 congruunt
1117 1781 1190 1824 cum
1213 1757 1401 1845 geometria,
1418 1780 1499 1844 quas

293 1849 296 1855 ⁵
387 1885 452 1952 ego
474 1864 509 1929 in
532 1863 658 1930 edenda
680 1863 854 1951 geodaesia
876 1888 941 1930 non
963 1863 1112 1951 repetivi,
1135 1863 1327 1929 necessitate
1343 1863 1500 1931 adductus

388 1993 477 2053 sum,
507 1979 543 2035 ut
569 1970 604 2035 in
632 1970 840 2038 adnotatione
863 1971 905 2038 ad
927 1972 1140 2060 geometriam
1162 1971 1354 2060 aliquotiens
1378 1971 1499 2038 codicis

386 2077 476 2142 2013
500 2085 533 2143 et
554 2076 694 2164 priorem
716 2087 842 2165 partem
865 2087 898 2144 et
919 2078 1131 2166 posteriorem
1153 2078 1244 2144 iuxta
1260 2077 1403 2160 citarem,
1420 2101 1498 2165 qua·

385 2192 521 2270 propter
544 2206 634 2249 suam
657 2184 785 2272 utrique
808 2194 919 2250 notam
942 2183 1051 2250 tribui.

477 2288 507 2353 F
525 2317 565 2345 =
582 2287 684 2354 Paris.
708 2288 807 2373 2385,
830 2289 865 2355 in
888 2312 952 2377 quo
975 2288 1051 2355 inde
1074 2313 1093 2354 a
1114 2289 1230 2355 10149
1248 2288 1449 2356 definitiones
1466 2300 1499 2357 et

386 2394 497 2460 variae
522 2394 728 2462 collectiones
750 2394 948 2483 perscriptae
971 2405 1056 2461 sunt.
1104 2392 1166 2461 Oui
1187 2404 1343 2482 quantum
1359 2396 1497 2462 auctori·

386 2501 462 2568 tatis
485 2501 692 2568 tribuendum
716 2503 766 2584 sit,
791 2503 1018 2570 demonstrabo
1042 2503 1161 2586 statim,
1186 2526 1260 2568 cum
1285 2500 1324 2566 de
1339 2501 1497 2568 definitio-

384 2609 482 2677 nibus
503 2608 669 2675 disseram.
715 2607 782 2675 Sed
804 2609 838 2674 in
861 2609 959 2675 variis
984 2609 1228 2677 collectionibus
1251 2607 1362 2697 utique
1379 2618 1428 2675 est
1443 2609 1494 2676 de·

384 2716 484 2783 terior
513 2739 611 2804 quam
633 2715 679 2800 B,
712 2716 802 2783 cuius
830 2716 979 2782 librarius
1008 2716 1109 2782 multa
1132 2715 1315 2803 ignorantia
1337 2715 1495 2803 peccavit,

384 2823 466 2889 nihil
489 2831 598 2889 autem
622 2823 755 2889 consilio
779 2831 876 2911 atque
899 2822 1094 2889 emendandi
1117 2822 1223 2889 studio
1247 2820 1438 2905 immutavit,
1462 2821 1497 2888 id

384 2927 474 3017 quod
496 2928 565 2994 fere
588 2928 709 3016 ubique
731 2927 765 2994 in
787 2927 868 2993 locis
892 2927 999 2995 dubiis
1021 2926 1099 2994 fecit
1122 2926 1149 2993 is
1173 2928 1229 3017 qui
1249 2928 1336 2995 hunc
1351 2927 1496 2994 codicem

384 3035 414 3100 F
437 3032 595 3101 exaravit.

476 3139 511 3208 G
534 3169 576 3198 =
599 3140 703 3207 Paris.
725 3141 812 3208 2438
842 3141 987 3207 continet
1013 3142 1069 3207 fol.
1092 3140 1296 3207 88⁸—ll2l’
1326 3134 1498 3226 Γεηπονικόν

385 3245 507 3327 βιβλίον,
531 3246 654 3313 editum
676 3247 710 3313 in
731 3247 827 3314 huius
849 3248 924 3314 libri
946 3255 1039 3337 parte
1061 3246 1129 3313 VII
1153 3246 1253 3336 (conf.
1271 3246 1355 3312 infra
1378 3246 1412 3312 in
1434 3238 1497 3314 hac

385 3352 588 3441 praefatione
611 3351 652 3418 ed
675 3350 768 3440 VII).

475 3458 511 3524 H
535 3487 577 3516 =
600 3459 704 3526 Paris.
727 3460 832 3542 2430,
856 3459 942 3526 unde
967 3459 1125 3547 descripsi
1147 3457 1291 3525 Heronis
1314 3480 1497 3526 mensuram

385 3565 552 3654 trianguli.
598 3564 685 3632 Vide
708 3566 792 3633 infra
815 3565 856 3632 ad
879 3565 976 3634 VIII.

474 3671 493 3738 I
518 3699 559 3728 =
583 3671 687 3738 Paris.
711 3672 796 3738 2361
824 3670 967 3738 continet
990 3682 1064 3761 post
1087 3671 1318 3739 Archimedem
1341 3680 1374 3738 et
1394 3671 1496 3738 Euto-

385 3779 473 3845 cium
502 3801 578 3866 pag.
602 3777 792 3845 453-466
822 3779 1045 3865 collectionem
1074 3774 1146 3863 Περὶ
1168 3778 1293 3866 μέτρων,
1317 3802 1415 3867 quam
1437 3800 1498 3844 nos

383 3884 531 3951 Heronis
568 3907 735 3952 mensuras
773 3886 1005 3974 appellavimus
1044 3895 1077 3952 et
1113 3885 1217 3954 nostri
1253 3886 1328 3953 libri
1362 3885 1497 3952 fecimus

384 4000 515 4080 partem
536 3990 596 4056 VI.

475 4096 511 4163 Κ
536 4126 577 4154 =
600 4097 705 4166 Paris.
732 4099 817 4165 1642
824 4149 834 4182 ,
861 4099 1054 4165 nitidissime
1078 4099 1226 4188 scriptus,
1250 4098 1349 4165 habet
1370 4105 1499 4185 praeter

384 4204 479 4270 varia
501 4203 740 4292 Xenophontas
754 4204 924 4272 Platonica
947 4205 1011 4271 alia
1032 4206 1088 4271 fol.
1105 4204 1338 4271 23311-2372
1361 4203 1498 4270 eandem

386 4309 616 4377 collectionem
638 4305 711 4394 Περὶ
733 4309 852 4397 μέτρων.

475 4415 507 4482 L
532 4443 572 4474 =
596 4417 736 4485 Parisini
759 4418 847 4483 2013
869 4416 947 4485 folia
966 4415 1150 4498 lca-157,
1167 4439 1250 4504 quae
1265 4416 1327 4483 tria
1342 4416 1420 4484 folia
1434 4441 1500 4484 una

388 4547 465 4590 cum
486 4524 565 4591 folio
590 4524 653 4591 158
677 4522 733 4612 (de
749 4547 820 4612 ¹quo
841 4524 916 4591 vide
931 4524 1164 4612 praefationem
1180 4524 1220 4590 ad
1236 4521 1355 4613 Script.
1371 4525 1497 4590 metrol.
