<?xml version="1.0" encoding="UTF-8"?>
<!DOCTYPE html PUBLIC "-//W3C//DTD XHTML 1.0 Transitional//EN"
    "http://www.w3.org/TR/xhtml1/DTD/xhtml1-transitional.dtd">
<html xmlns="http://www.w3.org/1999/xhtml" xml:lang="en" lang="en">
 <head>
  <title>
</title>
<meta http-equiv="Content-Type" content="text/html;charset=utf-8" />
  <meta name='ocr-system' content='tesseract 3.04.00' />
  <meta name='ocr-capabilities' content='ocr_page ocr_carea ocr_par ocr_line ocrx_word'/>
</head>
<body>
  <div class='ocr_page' id='page_1' title='image "./heronisalexandr00hultgoog/heronisalexandr00hultgoog_0324.png"; bbox 0 0 3925 5742; ppageno 0'>
   <div class='ocr_carea' id='block_1_1' title="bbox 1026 801 2295 854">
    <p class='ocr_par' dir='ltr' id='par_1_1' title="bbox 1026 801 2295 854">
     <span class='ocr_line' id='line_1_1' title="bbox 1026 801 2295 854; baseline 0 -1"><span class='ocrx_word' id='word_1_1' title='bbox 1026 804 1127 853; x_wconf 82' lang='lat'><strong><em>274</em></strong></span> <span class='ocrx_word' id='word_1_2' title='bbox 1985 803 2028 851; x_wconf 76' lang='lat' dir='ltr'>A</span> <span class='ocrx_word' id='word_1_3' title='bbox 2037 801 2173 854; x_wconf 82' lang='lat' dir='ltr'><strong><em>NON</em></strong></span> <span class='ocrx_word' id='word_1_4' title='bbox 2180 801 2295 853; x_wconf 76' lang='lat' dir='ltr'><strong><em>YMI</em></strong></span> 
     </span>
    </p>
   </div>
   <div class='ocr_carea' id='block_1_2' title="bbox 919 951 3343 2369">
    <p class='ocr_par' dir='ltr' id='par_1_2' title="bbox 1025 951 3343 1963">
     <span class='ocr_line' id='line_1_2' title="bbox 1030 951 3253 1045; baseline 0.002 -26"><span class='ocrx_word' id='word_1_5' title='bbox 1030 951 1097 1019; x_wconf 76' lang='grc' dir='ltr'><strong><em>δ’</em></strong></span> <span class='ocrx_word' id='word_1_6' title='bbox 1127 952 1167 1043; x_wconf 83' lang='grc' dir='ltr'><em>ἦ</em></span> <span class='ocrx_word' id='word_1_7' title='bbox 1199 955 1316 1038; x_wconf 76' lang='grc' dir='ltr'><strong><em>μὲν</em></strong></span> <span class='ocrx_word' id='word_1_8' title='bbox 1346 951 1578 1021; x_wconf 74' lang='grc' dir='ltr'><strong><em>εὐθεῖα</em></strong></span> <span class='ocrx_word' id='word_1_9' title='bbox 1610 956 1723 1041; x_wconf 81' lang='grc' dir='ltr'><strong><em>τῆς</em></strong></span> <span class='ocrx_word' id='word_1_10' title='bbox 1755 952 2241 1041; x_wconf 71' lang='grc' dir='ltr'><strong><em>ἅπαρεγκλίτου</em></strong></span> <span class='ocrx_word' id='word_1_11' title='bbox 2272 954 2618 1040; x_wconf 80' lang='grc' dir='ltr'><strong><em>προνοίαις</em></strong></span> <span class='ocrx_word' id='word_1_12' title='bbox 2646 956 2760 1022; x_wconf 87' lang='grc' dir='ltr'><strong><em>καὶ</em></strong></span> <span class='ocrx_word' id='word_1_13' title='bbox 2786 951 3253 1045; x_wconf 82' lang='grc' dir='ltr'><strong><em>άδιαστρόφου</em></strong></span> 
     </span>
     <span class='ocr_line' id='line_1_3' title="bbox 1027 1051 3254 1143; baseline 0.003 -22"><span class='ocrx_word' id='word_1_14' title='bbox 1027 1056 1143 1123; x_wconf 84' lang='grc' dir='ltr'><strong><em>καὶ</em></strong></span> <span class='ocrx_word' id='word_1_15' title='bbox 1198 1051 1520 1143; x_wconf 82' lang='grc' dir='ltr'><strong><em>άχράντου</em></strong></span> <span class='ocrx_word' id='word_1_16' title='bbox 1574 1056 1691 1123; x_wconf 86' lang='grc' dir='ltr'><strong><em>καὶ</em></strong></span> <span class='ocrx_word' id='word_1_17' title='bbox 1747 1053 2177 1124; x_wconf 85' lang='grc' dir='ltr'><strong><em>άνεκλείπτου</em></strong></span> <span class='ocrx_word' id='word_1_18' title='bbox 2229 1058 2344 1124; x_wconf 86' lang='grc' dir='ltr'><strong><em>καὶ</em></strong></span> <span class='ocrx_word' id='word_1_19' title='bbox 2390 1056 2890 1142; x_wconf 89' lang='grc' dir='ltr'><strong><em>παντοδυνάμου</em></strong></span> <span class='ocrx_word' id='word_1_20' title='bbox 2933 1057 3052 1124; x_wconf 85' lang='grc' dir='ltr'><strong><em>καὶ</em></strong></span> <span class='ocrx_word' id='word_1_21' title='bbox 3095 1064 3254 1127; x_wconf 69' lang='grc' dir='ltr'><strong><em>πᾶσι</em></strong></span> 
     </span>
     <span class='ocr_line' id='line_1_4' title="bbox 1028 1154 3254 1248; baseline 0.002 -25"><span class='ocrx_word' id='word_1_22' title='bbox 1028 1156 1399 1245; x_wconf 77' lang='grc' dir='ltr'><strong><em>παρούσης,</em></strong></span> <span class='ocrx_word' id='word_1_23' title='bbox 1461 1154 1502 1246; x_wconf 82' lang='grc' dir='ltr'><em>ἦ</em></span> <span class='ocrx_word' id='word_1_24' title='bbox 1561 1158 1635 1223; x_wconf 78' lang='grc' dir='ltr'><strong><em>δὲ</em></strong></span> <span class='ocrx_word' id='word_1_25' title='bbox 1689 1158 2086 1247; x_wconf 82' lang='grc' dir='ltr'><em>περιφέρεια</em></span> <span class='ocrx_word' id='word_1_26' title='bbox 2137 1160 2254 1226; x_wconf 87' lang='grc' dir='ltr'><strong><em>καὶ</em></strong></span> <span class='ocrx_word' id='word_1_27' title='bbox 2304 1160 2381 1226; x_wconf 64' lang='lat' dir='ltr'><strong><em>‘co&#39;</em></strong></span> <span class='ocrx_word' id='word_1_28' title='bbox 2437 1159 2936 1248; x_wconf 74' lang='grc' dir='ltr'><strong><em>περιφέρεσθαι</em></strong></span> <span class='ocrx_word' id='word_1_29' title='bbox 2987 1160 3108 1248; x_wconf 84' lang='grc' dir='ltr'><strong><em>τῆς</em></strong></span> <span class='ocrx_word' id='word_1_30' title='bbox 3155 1157 3254 1239; x_wconf 77' lang='grc' dir='ltr'><strong><em>εἷς</em></strong></span> 
     </span>
     <span class='ocr_line' id='line_1_5' title="bbox 1027 1257 3249 1351; baseline 0 -23"><span class='ocrx_word' id='word_1_31' title='bbox 1027 1257 1266 1349; x_wconf 77' lang='grc' dir='ltr'><strong><em>ἑαυτὴν</em></strong></span> <span class='ocrx_word' id='word_1_32' title='bbox 1331 1260 1748 1350; x_wconf 88' lang='grc' dir='ltr'><strong><em>συννευούσης</em></strong></span> <span class='ocrx_word' id='word_1_33' title='bbox 1812 1258 2136 1348; x_wconf 76' lang='grc' dir='ltr'><strong><em>ἐνεργείας</em></strong></span> <span class='ocrx_word' id='word_1_34' title='bbox 2188 1261 2304 1328; x_wconf 85' lang='grc' dir='ltr'><strong><em>καὶ</em></strong></span> <span class='ocrx_word' id='word_1_35' title='bbox 2360 1263 2531 1348; x_wconf 85' lang='grc' dir='ltr'><strong><em>πρὸς</em></strong></span> <span class='ocrx_word' id='word_1_36' title='bbox 2583 1259 2815 1351; x_wconf 71' lang='grc' dir='ltr'><strong><em>ἑαυτὴν</em></strong></span> <span class='ocrx_word' id='word_1_37' title='bbox 2868 1264 3249 1329; x_wconf 87' lang='grc' dir='ltr'><strong><em>συνελισσο-</em></strong></span> 
     </span>
     <span class='ocr_line' id='line_1_6' title="bbox 1025 1360 3321 1452; baseline -0 -22"><span class='ocrx_word' id='word_1_38' title='bbox 1025 1363 1225 1452; x_wconf 83' lang='grc' dir='ltr'><strong><em>μένης</em></strong></span> <span class='ocrx_word' id='word_1_39' title='bbox 1277 1362 1391 1428; x_wconf 81' lang='grc' dir='ltr'><strong><em>καὶ</em></strong></span> <span class='ocrx_word' id='word_1_40' title='bbox 1445 1360 1615 1429; x_wconf 75' lang='grc' dir='ltr'><strong><em>καθ’</em></strong></span> <span class='ocrx_word' id='word_1_41' title='bbox 1667 1361 1737 1428; x_wconf 73' lang='grc' dir='ltr'><strong><em>ἓν</em></strong></span> <span class='ocrx_word' id='word_1_42' title='bbox 1794 1363 2017 1450; x_wconf 83' lang='grc' dir='ltr'><strong><em>νοερὸν</em></strong></span> <span class='ocrx_word' id='word_1_43' title='bbox 2072 1362 2277 1450; x_wconf 82' lang='grc' dir='ltr'><strong><em>πέρας</em></strong></span> <span class='ocrx_word' id='word_1_44' title='bbox 2330 1364 2455 1429; x_wconf 81' lang='grc' dir='ltr'><strong><em>τῶν</em></strong></span> <span class='ocrx_word' id='word_1_45' title='bbox 2514 1360 2685 1430; x_wconf 77' lang='grc' dir='ltr'><strong><em>ὅλων</em></strong></span> <span class='ocrx_word' id='word_1_46' title='bbox 2738 1362 3248 1452; x_wconf 77' lang='grc' dir='ltr'><strong><em>ἐπικρατούσης.</em></strong></span> <span class='ocrx_word' id='word_1_47' title='bbox 3292 1382 3321 1429; x_wconf 87' lang='grc'><strong>5</strong></span> 
     </span>
     <span class='ocr_line' id='line_1_7' title="bbox 1029 1461 3254 1556; baseline 0 -24"><span class='ocrx_word' id='word_1_48' title='bbox 1029 1465 1149 1532; x_wconf 89' lang='grc' dir='ltr'><strong><em>δύο</em></strong></span> <span class='ocrx_word' id='word_1_49' title='bbox 1196 1465 1274 1555; x_wconf 78' lang='grc' dir='ltr'><strong><em>δὴ</em></strong></span> <span class='ocrx_word' id='word_1_50' title='bbox 1320 1464 1563 1545; x_wconf 87' lang='grc' dir='ltr'><strong><em>ταύτας</em></strong></span> <span class='ocrx_word' id='word_1_51' title='bbox 1608 1461 1644 1533; x_wconf 82' lang='grc' dir='ltr'>ὁ</span> <span class='ocrx_word' id='word_1_52' title='bbox 1685 1466 2160 1555; x_wconf 75' lang='grc' dir='ltr'><strong><em>δημιουργικὰς</em></strong></span> <span class='ocrx_word' id='word_1_53' title='bbox 2187 1473 2339 1545; x_wconf 82' lang='grc' dir='ltr'><strong><em>νοῦς</em></strong></span> <span class='ocrx_word' id='word_1_54' title='bbox 2367 1465 2434 1533; x_wconf 77' lang='grc' dir='ltr'><strong><em>ἓν</em></strong></span> <span class='ocrx_word' id='word_1_55' title='bbox 2463 1463 2677 1556; x_wconf 77' lang='grc' dir='ltr'><strong><em>ἑαυτῷ</em></strong></span> <span class='ocrx_word' id='word_1_56' title='bbox 2705 1464 3254 1555; x_wconf 79' lang='grc' dir='ltr'><strong><em>προστησάμενος</em></strong></span> 
     </span>
     <span class='ocr_line' id='line_1_8' title="bbox 1027 1564 3253 1659; baseline -0.001 -23"><span class='ocrx_word' id='word_1_57' title='bbox 1027 1566 1261 1659; x_wconf 82' lang='grc' dir='ltr'><strong><em>άρχάς,</em></strong></span> <span class='ocrx_word' id='word_1_58' title='bbox 1316 1569 1394 1635; x_wconf 79' lang='grc' dir='ltr'><strong><em>τὰ</em></strong></span> <span class='ocrx_word' id='word_1_59' title='bbox 1443 1564 1608 1635; x_wconf 76' lang='grc' dir='ltr'><strong><em>εὐθὺ</em></strong></span> <span class='ocrx_word' id='word_1_60' title='bbox 1652 1566 1768 1634; x_wconf 84' lang='grc' dir='ltr'><strong><em>καὶ</em></strong></span> <span class='ocrx_word' id='word_1_61' title='bbox 1811 1568 1889 1634; x_wconf 83' lang='grc' dir='ltr'><strong><em>τὸ</em></strong></span> <span class='ocrx_word' id='word_1_62' title='bbox 1933 1566 2318 1657; x_wconf 84' lang='grc' dir='ltr'><strong><em>περιφερές,</em></strong></span> <span class='ocrx_word' id='word_1_63' title='bbox 2366 1566 2485 1635; x_wconf 92' lang='grc' dir='ltr'><strong><em>δύο</em></strong></span> <span class='ocrx_word' id='word_1_64' title='bbox 2528 1568 2827 1654; x_wconf 82' lang='grc' dir='ltr'><strong><em>μονάδας</em></strong></span> <span class='ocrx_word' id='word_1_65' title='bbox 2870 1565 3253 1656; x_wconf 77' lang='grc' dir='ltr'><strong><em>παρήγαγεν</em></strong></span> 
     </span>
     <span class='ocr_line' id='line_1_9' title="bbox 1029 1667 3251 1761; baseline -0.001 -23"><span class='ocrx_word' id='word_1_66' title='bbox 1029 1667 1157 1761; x_wconf 75' lang='grc' dir='ltr'><strong><em>ἀφ’</em></strong></span> <span class='ocrx_word' id='word_1_67' title='bbox 1198 1667 1446 1751; x_wconf 77' lang='grc' dir='ltr'><strong><em>ἑαυτοῦ,</em></strong></span> <span class='ocrx_word' id='word_1_68' title='bbox 1491 1671 1610 1759; x_wconf 77' lang='grc' dir='ltr'><strong><em>τήν</em></strong></span> <span class='ocrx_word' id='word_1_69' title='bbox 1651 1670 1768 1754; x_wconf 79' lang='grc' dir='ltr'><strong><em>μὲν</em></strong></span> <span class='ocrx_word' id='word_1_70' title='bbox 1811 1671 1982 1736; x_wconf 77' lang='grc' dir='ltr'><strong><em>κατὰ</em></strong></span> <span class='ocrx_word' id='word_1_71' title='bbox 2028 1668 2094 1738; x_wconf 70' lang='grc' dir='ltr'><strong><em>τὸ</em></strong></span> <span class='ocrx_word' id='word_1_72' title='bbox 2141 1673 2499 1760; x_wconf 77' lang='grc' dir='ltr'><strong><em>περιφερὲς</em></strong></span> <span class='ocrx_word' id='word_1_73' title='bbox 2543 1670 2928 1757; x_wconf 73' lang='grc' dir='ltr'><strong><em>ἐνεργοῦσαν</em></strong></span> <span class='ocrx_word' id='word_1_74' title='bbox 2970 1670 3089 1737; x_wconf 80' lang='grc' dir='ltr'><strong><em>καὶ</em></strong></span> <span class='ocrx_word' id='word_1_75' title='bbox 3116 1678 3251 1737; x_wconf 81' lang='grc' dir='ltr'><strong><em>τῶν</em></strong></span> 
     </span>
     <span class='ocr_line' id='line_1_10' title="bbox 1027 1768 3251 1862; baseline 0 -23"><span class='ocrx_word' id='word_1_76' title='bbox 1027 1774 1261 1861; x_wconf 80' lang='grc' dir='ltr'><strong><em>νοερῶν</em></strong></span> <span class='ocrx_word' id='word_1_77' title='bbox 1316 1768 1565 1839; x_wconf 79' lang='grc' dir='ltr'><strong><em>ούσιαῖν</em></strong></span> <span class='ocrx_word' id='word_1_78' title='bbox 1606 1772 2080 1861; x_wconf 87' lang='grc' dir='ltr'><strong><em>τελεσιουργόν,</em></strong></span> <span class='ocrx_word' id='word_1_79' title='bbox 2126 1775 2250 1862; x_wconf 74' lang='grc' dir='ltr'><strong><em>τῆν·</em></strong></span> <span class='ocrx_word' id='word_1_80' title='bbox 2285 1772 2361 1840; x_wconf 76' lang='grc' dir='ltr'><strong><em>δὲ</em></strong></span> <span class='ocrx_word' id='word_1_81' title='bbox 2406 1774 2575 1840; x_wconf 78' lang='grc' dir='ltr'><strong><em>κατὰ</em></strong></span> <span class='ocrx_word' id='word_1_82' title='bbox 2616 1774 2695 1839; x_wconf 81' lang='grc' dir='ltr'><strong><em>τὸ</em></strong></span> <span class='ocrx_word' id='word_1_83' title='bbox 2740 1770 2905 1840; x_wconf 70' lang='grc' dir='ltr'><strong><em>εὐθύ</em></strong></span> <span class='ocrx_word' id='word_1_84' title='bbox 2947 1771 3065 1839; x_wconf 84' lang='grc' dir='ltr'><strong><em>καὶ</em></strong></span> <span class='ocrx_word' id='word_1_85' title='bbox 3107 1777 3251 1851; x_wconf 86' lang='grc' dir='ltr'><strong><em>τοῖς</em></strong></span> 
     </span>
     <span class='ocr_line' id='line_1_11' title="bbox 1029 1872 3343 1963; baseline -0.002 -23"><span class='ocrx_word' id='word_1_86' title='bbox 1029 1872 1382 1963; x_wconf 76' lang='grc' dir='ltr'><strong><em>αἰσθητοῖς</em></strong></span> <span class='ocrx_word' id='word_1_87' title='bbox 1423 1875 1541 1962; x_wconf 77' lang='grc' dir='ltr'><strong><em>τὴν</em></strong></span> <span class='ocrx_word' id='word_1_88' title='bbox 1584 1874 1833 1959; x_wconf 88' lang='grc' dir='ltr'><strong><em>γένεσιν</em></strong></span> <span class='ocrx_word' id='word_1_89' title='bbox 1875 1875 2340 1963; x_wconf 84' lang='grc' dir='ltr'><strong><em>παρεχομένην.</em></strong></span> <span class='ocrx_word' id='word_1_90' title='bbox 3287 1888 3343 1937; x_wconf 83' lang='grc'><strong><em>10</em></strong></span> 
     </span>
    </p>

    <p class='ocr_par' dir='ltr' id='par_1_3' title="bbox 919 1971 3250 2369">
     <span class='ocr_line' id='line_1_12' title="bbox 919 1971 3248 2061; baseline -0 -19"><span class='ocrx_word' id='word_1_91' title='bbox 919 1980 999 2043; x_wconf 88' lang='grc'><strong><em>68</em></strong></span> <span class='ocrx_word' id='word_1_92' title='bbox 1211 1976 1312 2042; x_wconf 86' lang='grc' dir='ltr'><strong><em>Τὰ</em></strong></span> <span class='ocrx_word' id='word_1_93' title='bbox 1358 1975 1457 2055; x_wconf 89' lang='grc' dir='ltr'><strong><em>ις’</em></strong></span> <span class='ocrx_word' id='word_1_94' title='bbox 1501 1975 1616 2042; x_wconf 82' lang='grc' dir='ltr'><strong><em>καὶ</em></strong></span> <span class='ocrx_word' id='word_1_95' title='bbox 1661 1975 1770 2041; x_wconf 85' lang='grc' dir='ltr'><strong><em>κδ’</em></strong></span> <span class='ocrx_word' id='word_1_96' title='bbox 1812 1978 1939 2042; x_wconf 84' lang='grc' dir='ltr'><strong><em>τῶν</em></strong></span> <span class='ocrx_word' id='word_1_97' title='bbox 1987 1976 2085 2061; x_wconf 85' lang='grc' dir='ltr'><strong><em>ιβ’</em></strong></span> <span class='ocrx_word' id='word_1_98' title='bbox 2129 1976 2244 2043; x_wconf 81' lang='grc' dir='ltr'><strong><em>καὶ</em></strong></span> <span class='ocrx_word' id='word_1_99' title='bbox 2290 1975 2395 2041; x_wconf 85' lang='grc' dir='ltr'><strong><em>κδ’</em></strong></span> <span class='ocrx_word' id='word_1_100' title='bbox 2441 1973 2578 2061; x_wconf 76' lang='grc' dir='ltr'><strong><em>ἅμα</em></strong></span> <span class='ocrx_word' id='word_1_101' title='bbox 2619 1971 2943 2061; x_wconf 80' lang='grc' dir='ltr'><strong><em>ὑπερέχει.</em></strong></span> <span class='ocrx_word' id='word_1_102' title='bbox 3029 1976 3115 2041; x_wconf 78' lang='grc' dir='ltr'><strong><em>τὰ</em></strong></span> <span class='ocrx_word' id='word_1_103' title='bbox 3150 1974 3248 2061; x_wconf 84' lang='grc' dir='ltr'><strong><em>ιβ’</em></strong></span> 
     </span>
     <span class='ocr_line' id='line_1_13' title="bbox 1028 2075 3250 2164; baseline -0.001 -19"><span class='ocrx_word' id='word_1_104' title='bbox 1028 2079 1143 2146; x_wconf 85' lang='grc' dir='ltr'><strong><em>καὶ</em></strong></span> <span class='ocrx_word' id='word_1_105' title='bbox 1186 2078 1271 2144; x_wconf 80' lang='grc' dir='ltr'><strong><em>τὰ</em></strong></span> <span class='ocrx_word' id='word_1_106' title='bbox 1319 2077 1417 2164; x_wconf 84' lang='grc' dir='ltr'><strong><em>ιβ’</em></strong></span> <span class='ocrx_word' id='word_1_107' title='bbox 1462 2080 1591 2143; x_wconf 81' lang='grc' dir='ltr'><strong><em>τῶν</em></strong></span> <span class='ocrx_word' id='word_1_108' title='bbox 1634 2079 1752 2145; x_wconf 52' lang='grc' dir='ltr'><strong><em>Ττοὶ</em></strong></span> <span class='ocrx_word' id='word_1_109' title='bbox 1799 2078 1894 2157; x_wconf 85' lang='grc' dir='ltr'><strong><em>ις’</em></strong></span> <span class='ocrx_word' id='word_1_110' title='bbox 1941 2075 2083 2162; x_wconf 76' lang='grc' dir='ltr'><strong><em>ἅμα</em></strong></span> <span class='ocrx_word' id='word_1_111' title='bbox 2125 2076 2441 2144; x_wconf 75' lang='grc' dir='ltr'><strong><em>ἐλλείπει.</em></strong></span> <span class='ocrx_word' id='word_1_112' title='bbox 2526 2077 2612 2143; x_wconf 80' lang='grc' dir='ltr'><strong><em>τοὶ</em></strong></span> <span class='ocrx_word' id='word_1_113' title='bbox 2654 2075 2766 2144; x_wconf 85' lang='grc' dir='ltr'><strong><em>κδ’</em></strong></span> <span class='ocrx_word' id='word_1_114' title='bbox 2810 2076 2924 2144; x_wconf 81' lang='grc' dir='ltr'><strong><em>καὶ</em></strong></span> <span class='ocrx_word' id='word_1_115' title='bbox 2968 2077 3078 2143; x_wconf 84' lang='grc' dir='ltr'><strong><em>κδ’</em></strong></span> <span class='ocrx_word' id='word_1_116' title='bbox 3110 2076 3250 2162; x_wconf 79' lang='grc' dir='ltr'><strong><em>ἅμα</em></strong></span> 
     </span>
     <span class='ocr_line' id='line_1_14' title="bbox 1026 2176 3249 2269; baseline -0.002 -20"><span class='ocrx_word' id='word_1_117' title='bbox 1026 2178 1147 2249; x_wconf 76' lang='grc' dir='ltr'><strong><em>ἴσα</em></strong></span> <span class='ocrx_word' id='word_1_118' title='bbox 1189 2179 1350 2247; x_wconf 78' lang='grc' dir='ltr'><strong><em>ἐστί.</em></strong></span> <span class='ocrx_word' id='word_1_119' title='bbox 1437 2181 1521 2245; x_wconf 82' lang='grc' dir='ltr'><strong><em>τὰ</em></strong></span> <span class='ocrx_word' id='word_1_120' title='bbox 1567 2181 1640 2246; x_wconf 82' lang='grc' dir='ltr'><strong><em>δὲ</em></strong></span> <span class='ocrx_word' id='word_1_121' title='bbox 1682 2178 1934 2267; x_wconf 72' lang='grc' dir='ltr'><strong><em>μεγέθη</em></strong></span> <span class='ocrx_word' id='word_1_122' title='bbox 1981 2176 2307 2258; x_wconf 71' lang='grc' dir='ltr'><strong><em>τίθενται,</em></strong></span> <span class='ocrx_word' id='word_1_123' title='bbox 2350 2178 2537 2246; x_wconf 71' lang='grc' dir='ltr'><strong><em>καθὰ</em></strong></span> <span class='ocrx_word' id='word_1_124' title='bbox 2565 2177 2922 2267; x_wconf 88' lang='grc' dir='ltr'><strong><em>πρόκειται</em></strong></span> <span class='ocrx_word' id='word_1_125' title='bbox 2950 2179 3030 2246; x_wconf 86' lang='grc' dir='ltr'><strong><em>τδ</em></strong></span> <span class='ocrx_word' id='word_1_126' title='bbox 3060 2182 3249 2269; x_wconf 82' lang='grc' dir='ltr'><strong><em>πρῶ-</em></strong></span> 
     </span>
     <span class='ocr_line' id='line_1_15' title="bbox 1026 2278 2817 2369; baseline -0.001 -21"><span class='ocrx_word' id='word_1_127' title='bbox 1026 2306 1139 2349; x_wconf 91' lang='grc' dir='ltr'><strong><em>τον</em></strong></span> <span class='ocrx_word' id='word_1_128' title='bbox 1184 2282 1298 2348; x_wconf 82' lang='grc' dir='ltr'><strong><em>καὶ</em></strong></span> <span class='ocrx_word' id='word_1_129' title='bbox 1341 2281 1419 2347; x_wconf 64' lang='lat' dir='ltr'><strong><em>w*</em></strong></span> <span class='ocrx_word' id='word_1_130' title='bbox 1463 2278 1702 2369; x_wconf 85' lang='grc' dir='ltr'><strong><em>τρίτον,</em></strong></span> <span class='ocrx_word' id='word_1_131' title='bbox 1747 2282 1825 2349; x_wconf 84' lang='grc' dir='ltr'><strong><em>τὸ</em></strong></span> <span class='ocrx_word' id='word_1_132' title='bbox 1871 2279 2169 2367; x_wconf 77' lang='grc' dir='ltr'><strong><em>δεύτερον</em></strong></span> <span class='ocrx_word' id='word_1_133' title='bbox 2211 2282 2325 2347; x_wconf 85' lang='grc' dir='ltr'><strong><em>καὶ</em></strong></span> <span class='ocrx_word' id='word_1_134' title='bbox 2369 2281 2448 2347; x_wconf 87' lang='grc' dir='ltr'><strong><em>τὸ</em></strong></span> <span class='ocrx_word' id='word_1_135' title='bbox 2490 2279 2817 2368; x_wconf 88' lang='grc' dir='ltr'><strong><em>τέταρτον.</em></strong></span> 
     </span>
    </p>
   </div>
   <div class='ocr_carea' id='block_1_3' title="bbox 1228 2422 3053 2622">
    <p class='ocr_par' dir='ltr' id='par_1_4' title="bbox 1228 2422 3053 2622">
     <span class='ocr_line' id='line_1_16' title="bbox 1228 2422 3053 2622; baseline 0.001 -150"><span class='ocrx_word' id='word_1_136' title='bbox 1228 2422 3053 2622; x_wconf 51' lang='grc' dir='ltr'><strong><em>αῖὲγζεακθεήικθ</em></strong></span> 
     </span>
    </p>
   </div>
   <div class='ocr_carea' id='block_1_4' title="bbox 2173 2654 2707 2771">
    <p class='ocr_par' dir='ltr' id='par_1_5' title="bbox 2173 2654 2707 2771">
     <span class='ocr_line' id='line_1_17' title="bbox 2173 2654 2707 2771; baseline -0.006 -12"><span class='ocrx_word' id='word_1_137' title='bbox 2173 2723 2207 2767; x_wconf 75' lang='grc' dir='ltr'><strong><em>ς</em></strong></span> <span class='ocrx_word' id='word_1_138' title='bbox 2282 2706 2374 2759; x_wconf 57' lang='grc' dir='ltr'><strong><em>ἧκ’</em></strong></span> <span class='ocrx_word' id='word_1_139' title='bbox 2461 2707 2542 2759; x_wconf 65' lang='lat' dir='ltr'><strong><em>:effi</em></strong></span> <span class='ocrx_word' id='word_1_140' title='bbox 2662 2654 2707 2771; x_wconf 54' lang='grc' dir='ltr'><strong><em>η,</em></strong></span> 
     </span>
    </p>
   </div>
   <div class='ocr_carea' id='block_1_5' title="bbox 1723 2495 1727 2713">
    <p class='ocr_par' dir='ltr' id='par_1_6' title="bbox 1723 2495 1727 2713">
     <span class='ocr_line' id='line_1_18' title="bbox 1723 2495 1727 2713; baseline 0 0"><span class='ocrx_word' id='word_1_141' title='bbox 1723 2495 1727 2713; x_wconf 95' lang='lat' dir='ltr'><strong><em> </em></strong></span> 
     </span>
    </p>
   </div>
   <div class='ocr_carea' id='block_1_6' title="bbox 2047 2511 2051 2703">
    <p class='ocr_par' dir='ltr' id='par_1_7' title="bbox 2047 2511 2051 2703">
     <span class='ocr_line' id='line_1_19' title="bbox 2047 2511 2051 2703; baseline 0 0"><span class='ocrx_word' id='word_1_142' title='bbox 2047 2511 2051 2703; x_wconf 95' lang='lat' dir='ltr'><strong><em> </em></strong></span> 
     </span>
    </p>
   </div>
   <div class='ocr_carea' id='block_1_7' title="bbox 1235 2503 1243 2716">
    <p class='ocr_par' dir='ltr' id='par_1_8' title="bbox 1235 2503 1243 2716">
     <span class='ocr_line' id='line_1_20' title="bbox 1235 2503 1243 2716; baseline 0 3026"><span class='ocrx_word' id='word_1_143' title='bbox 1235 2503 1243 2716; x_wconf 95' lang='lat' dir='ltr'><strong><em> </em></strong></span> 
     </span>
    </p>
   </div>
   <div class='ocr_carea' id='block_1_8' title="bbox 1887 2512 1891 2727">
    <p class='ocr_par' dir='ltr' id='par_1_9' title="bbox 1887 2512 1891 2727">
     <span class='ocr_line' id='line_1_21' title="bbox 1887 2512 1891 2727; baseline 0 0"><span class='ocrx_word' id='word_1_144' title='bbox 1887 2512 1891 2727; x_wconf 95' lang='lat' dir='ltr'><strong><em> </em></strong></span> 
     </span>
    </p>
   </div>
   <div class='ocr_carea' id='block_1_9' title="bbox 1398 2548 1402 2737">
    <p class='ocr_par' dir='ltr' id='par_1_10' title="bbox 1398 2548 1402 2737">
     <span class='ocr_line' id='line_1_22' title="bbox 1398 2548 1402 2737; baseline 0 0"><span class='ocrx_word' id='word_1_145' title='bbox 1398 2548 1402 2737; x_wconf 95' lang='lat' dir='ltr'><strong><em> </em></strong></span> 
     </span>
    </p>
   </div>
   <div class='ocr_carea' id='block_1_10' title="bbox 1357 2707 3111 2793">
    <p class='ocr_par' dir='ltr' id='par_1_11' title="bbox 1357 2707 3111 2793">
     <span class='ocr_line' id='line_1_23' title="bbox 1357 2707 3111 2793; baseline 0.001 -35"><span class='ocrx_word' id='word_1_146' title='bbox 1357 2727 1401 2782; x_wconf 65' lang='grc' dir='ltr'><strong><em>η’Ι</em></strong></span> <span class='ocrx_word' id='word_1_147' title='bbox 1524 2727 1566 2771; x_wconf 61' lang='lat'><strong><em>³2</em></strong></span> <span class='ocrx_word' id='word_1_148' title='bbox 1645 2707 1719 2759; x_wconf 64' lang='lat' dir='ltr'><strong><em>mi*</em></strong></span> <span class='ocrx_word' id='word_1_149' title='bbox 1826 2727 1891 2793; x_wconf 75' lang='grc' dir='ltr'><strong><em>ιςΙ</em></strong></span> <span class='ocrx_word' id='word_1_150' title='bbox 2014 2718 2055 2771; x_wconf 72' lang='grc' dir='ltr'><strong><em>η·</em></strong></span> <span class='ocrx_word' id='word_1_151' title='bbox 2825 2727 2855 2771; x_wconf 68' lang='grc' dir='ltr'><strong><em>ῆι</em></strong></span> <span class='ocrx_word' id='word_1_152' title='bbox 3031 2708 3111 2774; x_wconf 50' lang='grc' dir='ltr'><strong><em>,κδ</em></strong></span> 
     </span>
    </p>
   </div>
   <div class='ocr_carea' id='block_1_11' title="bbox 916 3041 3347 3950">
    <p class='ocr_par' dir='ltr' id='par_1_12' title="bbox 917 3041 3347 3645">
     <span class='ocr_line' id='line_1_24' title="bbox 917 3041 3344 3134; baseline -0 -26"><span class='ocrx_word' id='word_1_153' title='bbox 917 3047 998 3109; x_wconf 85' lang='grc'><strong><em>69</em></strong></span> <span class='ocrx_word' id='word_1_154' title='bbox 1190 3041 1429 3113; x_wconf 86' lang='grc' dir='ltr'><strong><em>Ἰστέον</em></strong></span> <span class='ocrx_word' id='word_1_155' title='bbox 1488 3042 1595 3112; x_wconf 79' lang='grc' dir='ltr'><strong><em>ὅτι</em></strong></span> <span class='ocrx_word' id='word_1_156' title='bbox 1664 3044 1782 3113; x_wconf 72' lang='grc' dir='ltr'><strong><em>ἐπὶ</em></strong></span> <span class='ocrx_word' id='word_1_157' title='bbox 1849 3044 2131 3115; x_wconf 74' lang='grc' dir='ltr'><strong><em>ἑκάστου</em></strong></span> <span class='ocrx_word' id='word_1_158' title='bbox 2191 3048 2634 3134; x_wconf 81' lang='grc' dir='ltr'><strong><em>γεωμετρικοῦ</em></strong></span> <span class='ocrx_word' id='word_1_159' title='bbox 2685 3044 3125 3133; x_wconf 75' lang='grc' dir='ltr'><strong><em>θεωρήματος</em></strong></span> <span class='ocrx_word' id='word_1_160' title='bbox 3176 3041 3250 3127; x_wconf 74' lang='grc' dir='ltr'><strong><em>ἓξ</em></strong></span> <span class='ocrx_word' id='word_1_161' title='bbox 3288 3060 3344 3109; x_wconf 89' lang='lat'><strong><em>15</em></strong></span> 
     </span>
     <span class='ocr_line' id='line_1_25' title="bbox 1027 3146 3246 3238; baseline -0.001 -23"><span class='ocrx_word' id='word_1_162' title='bbox 1027 3147 1364 3235; x_wconf 85' lang='grc' dir='ltr'><strong><em>κεφάλαια</em></strong></span> <span class='ocrx_word' id='word_1_163' title='bbox 1408 3146 2071 3235; x_wconf 83' lang='grc' dir='ltr'><strong><em>παραλαμβάνονται,</em></strong></span> <span class='ocrx_word' id='word_1_164' title='bbox 2128 3148 2488 3238; x_wconf 87' lang='grc' dir='ltr'><strong><em>πρότασις,</em></strong></span> <span class='ocrx_word' id='word_1_165' title='bbox 2543 3147 2839 3228; x_wconf 63' lang='grc' dir='ltr'><strong><em>ἔκθεσις,</em></strong></span> <span class='ocrx_word' id='word_1_166' title='bbox 2888 3149 3246 3235; x_wconf 88' lang='grc' dir='ltr'><strong><em>προδιορι-</em></strong></span> 
     </span>
     <span class='ocr_line' id='line_1_26' title="bbox 1028 3247 3240 3339; baseline 0 -22"><span class='ocrx_word' id='word_1_167' title='bbox 1028 3247 1212 3334; x_wconf 88' lang='grc' dir='ltr'><strong><em>σμός,</em></strong></span> <span class='ocrx_word' id='word_1_168' title='bbox 1259 3249 1649 3337; x_wconf 86' lang='grc' dir='ltr'><strong><em>κατασκευή,</em></strong></span> <span class='ocrx_word' id='word_1_169' title='bbox 1700 3247 2072 3332; x_wconf 79' lang='grc' dir='ltr'><strong><em>ἀπόδειξις,</em></strong></span> <span class='ocrx_word' id='word_1_170' title='bbox 2117 3253 2581 3337; x_wconf 85' lang='grc' dir='ltr'><strong><em>συμπέρασμα.</em></strong></span> <span class='ocrx_word' id='word_1_171' title='bbox 2669 3250 2783 3317; x_wconf 79' lang='grc' dir='ltr'><strong><em>καὶ</em></strong></span> <span class='ocrx_word' id='word_1_172' title='bbox 2826 3248 2865 3339; x_wconf 79' lang='grc' dir='ltr'><em>ἡ</em></span> <span class='ocrx_word' id='word_1_173' title='bbox 2911 3250 3034 3335; x_wconf 79' lang='grc' dir='ltr'><strong><em>μὲν</em></strong></span> <span class='ocrx_word' id='word_1_174' title='bbox 3077 3249 3240 3335; x_wconf 87' lang='grc' dir='ltr'><strong><em>πρό·</em></strong></span> 
     </span>
     <span class='ocr_line' id='line_1_27' title="bbox 1026 3349 3242 3440; baseline -0 -22"><span class='ocrx_word' id='word_1_175' title='bbox 1026 3374 1222 3431; x_wconf 87' lang='grc' dir='ltr'><strong><em>τασις</em></strong></span> <span class='ocrx_word' id='word_1_176' title='bbox 1287 3354 1648 3440; x_wconf 70' lang='grc' dir='ltr'><strong><em>διαιρεῖται</em></strong></span> <span class='ocrx_word' id='word_1_177' title='bbox 1716 3349 1814 3430; x_wconf 77' lang='grc' dir='ltr'><strong><em>εἴς</em></strong></span> <span class='ocrx_word' id='word_1_178' title='bbox 1877 3378 1949 3418; x_wconf 92' lang='grc' dir='ltr'><strong><em>τε</em></strong></span> <span class='ocrx_word' id='word_1_179' title='bbox 2003 3351 2439 3437; x_wconf 78' lang='grc' dir='ltr'><strong><em>ὑποκείμενον</em></strong></span> <span class='ocrx_word' id='word_1_180' title='bbox 2489 3354 2606 3419; x_wconf 79' lang='grc' dir='ltr'><strong><em>καὶ</em></strong></span> <span class='ocrx_word' id='word_1_181' title='bbox 2663 3350 3242 3439; x_wconf 79' lang='grc' dir='ltr'><strong><em>κατηγορούμενον.</em></strong></span> 
     </span>
     <span class='ocr_line' id='line_1_28' title="bbox 1026 3450 3245 3542; baseline 0 -23"><span class='ocrx_word' id='word_1_182' title='bbox 1026 3455 1144 3520; x_wconf 82' lang='grc' dir='ltr'><strong><em>καὶ</em></strong></span> <span class='ocrx_word' id='word_1_183' title='bbox 1196 3450 1267 3520; x_wconf 77' lang='grc' dir='ltr'><strong><em>ἐκ</em></strong></span> <span class='ocrx_word' id='word_1_184' title='bbox 1321 3456 1439 3539; x_wconf 80' lang='grc' dir='ltr'><strong><em>μὲν</em></strong></span> <span class='ocrx_word' id='word_1_185' title='bbox 1490 3456 1603 3520; x_wconf 84' lang='grc' dir='ltr'><strong><em>τοῦ</em></strong></span> <span class='ocrx_word' id='word_1_186' title='bbox 1654 3452 2091 3539; x_wconf 77' lang='grc' dir='ltr'><strong><em>ὑποκειμένου</em></strong></span> <span class='ocrx_word' id='word_1_187' title='bbox 2148 3452 2396 3542; x_wconf 89' lang='grc' dir='ltr'><strong><em>γίνεται</em></strong></span> <span class='ocrx_word' id='word_1_188' title='bbox 2448 3452 2488 3542; x_wconf 82' lang='grc' dir='ltr'>ἡ</span> <span class='ocrx_word' id='word_1_189' title='bbox 2537 3452 2841 3533; x_wconf 71' lang='grc' dir='ltr'><strong><em>ἔκθεσις,</em></strong></span> <span class='ocrx_word' id='word_1_190' title='bbox 2885 3452 2958 3521; x_wconf 75' lang='grc' dir='ltr'><strong><em>ἐκ</em></strong></span> <span class='ocrx_word' id='word_1_191' title='bbox 3007 3453 3082 3520; x_wconf 76' lang='grc' dir='ltr'><strong><em>δὲ</em></strong></span> <span class='ocrx_word' id='word_1_192' title='bbox 3126 3460 3245 3521; x_wconf 81' lang='grc' dir='ltr'><strong><em>τοῦ</em></strong></span> 
     </span>
     <span class='ocr_line' id='line_1_29' title="bbox 1028 3554 3347 3645; baseline 0.001 -25"><span class='ocrx_word' id='word_1_193' title='bbox 1028 3555 1587 3645; x_wconf 86' lang='grc' dir='ltr'><strong><em>κατηγορουμένου</em></strong></span> <span class='ocrx_word' id='word_1_194' title='bbox 1635 3554 1671 3623; x_wconf 86' lang='grc' dir='ltr'>ὁ</span> <span class='ocrx_word' id='word_1_195' title='bbox 1718 3556 2223 3644; x_wconf 88' lang='grc' dir='ltr'><strong><em>προδιορισμός.</em></strong></span> <span class='ocrx_word' id='word_1_196' title='bbox 3284 3568 3347 3617; x_wconf 84' lang='lat'><strong><em>20</em></strong></span> 
     </span>
    </p>

    <p class='ocr_par' dir='ltr' id='par_1_13' title="bbox 916 3651 3245 3848">
     <span class='ocr_line' id='line_1_30' title="bbox 916 3651 3245 3746; baseline 0.001 -26"><span class='ocrx_word' id='word_1_197' title='bbox 916 3661 996 3720; x_wconf 87' lang='lat'><strong><em>70</em></strong></span> <span class='ocrx_word' id='word_1_198' title='bbox 1194 3651 1428 3723; x_wconf 86' lang='grc' dir='ltr'><strong><em>Ἰστέον</em></strong></span> <span class='ocrx_word' id='word_1_199' title='bbox 1483 3654 1588 3723; x_wconf 80' lang='grc' dir='ltr'><strong><em>ὅτι</em></strong></span> <span class='ocrx_word' id='word_1_200' title='bbox 1639 3657 1722 3723; x_wconf 77' lang='grc' dir='ltr'><strong><em>τοὶ</em></strong></span> <span class='ocrx_word' id='word_1_201' title='bbox 1778 3655 2113 3746; x_wconf 83' lang='grc' dir='ltr'><strong><em>αἰτήματα</em></strong></span> <span class='ocrx_word' id='word_1_202' title='bbox 2169 3657 2649 3744; x_wconf 84' lang='grc' dir='ltr'><strong><em>συμβάλλονται</em></strong></span> <span class='ocrx_word' id='word_1_203' title='bbox 2703 3654 2859 3746; x_wconf 76' lang='grc' dir='ltr'><strong><em>ἡμῖν</em></strong></span> <span class='ocrx_word' id='word_1_204' title='bbox 2902 3654 2999 3736; x_wconf 77' lang='grc' dir='ltr'><strong><em>εἷς</em></strong></span> <span class='ocrx_word' id='word_1_205' title='bbox 3040 3682 3245 3723; x_wconf 85' lang='grc' dir='ltr'><strong><em>κατα-</em></strong></span> 
     </span>
     <span class='ocr_line' id='line_1_31' title="bbox 1029 3754 2789 3848; baseline 0 -24"><span class='ocrx_word' id='word_1_206' title='bbox 1029 3756 1278 3846; x_wconf 88' lang='grc' dir='ltr'><strong><em>σκευήν,</em></strong></span> <span class='ocrx_word' id='word_1_207' title='bbox 1327 3754 1396 3824; x_wconf 71' lang='grc' dir='ltr'><strong><em>αἱ</em></strong></span> <span class='ocrx_word' id='word_1_208' title='bbox 1443 3758 1515 3825; x_wconf 79' lang='grc' dir='ltr'><strong><em>δὲ</em></strong></span> <span class='ocrx_word' id='word_1_209' title='bbox 1558 3760 1779 3825; x_wconf 85' lang='grc' dir='ltr'><strong><em>κοιναὶ</em></strong></span> <span class='ocrx_word' id='word_1_210' title='bbox 1825 3756 2072 3825; x_wconf 76' lang='grc' dir='ltr'><strong><em>ἔννοιαι</em></strong></span> <span class='ocrx_word' id='word_1_211' title='bbox 2120 3757 2216 3839; x_wconf 81' lang='grc' dir='ltr'><strong><em>εἰς</em></strong></span> <span class='ocrx_word' id='word_1_212' title='bbox 2256 3760 2373 3848; x_wconf 81' lang='grc' dir='ltr'><strong><em>τὴν</em></strong></span> <span class='ocrx_word' id='word_1_213' title='bbox 2416 3758 2789 3839; x_wconf 78' lang='grc' dir='ltr'><strong><em>α’πόδειξιν.</em></strong></span> 
     </span>
    </p>

    <p class='ocr_par' dir='ltr' id='par_1_14' title="bbox 916 3857 3265 3950">
     <span class='ocr_line' id='line_1_32' title="bbox 916 3857 3265 3950; baseline 0.001 -27"><span class='ocrx_word' id='word_1_214' title='bbox 916 3864 990 3923; x_wconf 89' lang='lat'><strong><em>71</em></strong></span> <span class='ocrx_word' id='word_1_215' title='bbox 1198 3863 1328 3927; x_wconf 85' lang='grc' dir='ltr'><strong><em>Δεῖ</em></strong></span> <span class='ocrx_word' id='word_1_216' title='bbox 1368 3859 1445 3927; x_wconf 75' lang='grc' dir='ltr'><strong><em>δὲ</em></strong></span> <span class='ocrx_word' id='word_1_217' title='bbox 1487 3858 1830 3946; x_wconf 80' lang='grc' dir='ltr'><strong><em>γινώσκειν</em></strong></span> <span class='ocrx_word' id='word_1_218' title='bbox 1875 3859 1982 3928; x_wconf 80' lang='grc' dir='ltr'><strong><em>ὅτι</em></strong></span> <span class='ocrx_word' id='word_1_219' title='bbox 2026 3860 2147 3928; x_wconf 74' lang='grc' dir='ltr'><strong><em>ἐπὶ</em></strong></span> <span class='ocrx_word' id='word_1_220' title='bbox 2188 3863 2305 3950; x_wconf 85' lang='grc' dir='ltr'><strong><em>τῆς</em></strong></span> <span class='ocrx_word' id='word_1_221' title='bbox 2349 3861 2736 3949; x_wconf 84' lang='grc' dir='ltr'><strong><em>προτάσεως</em></strong></span> <span class='ocrx_word' id='word_1_222' title='bbox 2778 3858 3092 3950; x_wconf 83' lang='grc' dir='ltr'><strong><em>λεγούσης</em></strong></span> <span class='ocrx_word' id='word_1_223' title='bbox 3137 3857 3265 3945; x_wconf 19' lang='grc' dir='ltr'><strong><em>ὅτι,</em></strong></span> 
     </span>
    </p>
   </div>
   <div class='ocr_carea' id='block_1_12' title="bbox 1239 2718 1243 2991">
    <p class='ocr_par' dir='ltr' id='par_1_15' title="bbox 1239 2718 1243 2991">
     <span class='ocr_line' id='line_1_33' title="bbox 1239 2718 1243 2991; baseline 0 0"><span class='ocrx_word' id='word_1_224' title='bbox 1239 2718 1243 2991; x_wconf 95' lang='lat' dir='ltr'><strong><em> </em></strong></span> 
     </span>
    </p>
   </div>
   <div class='ocr_carea' id='block_1_13' title="bbox 1727 2746 1731 2975">
    <p class='ocr_par' dir='ltr' id='par_1_16' title="bbox 1727 2746 1731 2975">
     <span class='ocr_line' id='line_1_34' title="bbox 1727 2746 1731 2975; baseline 0 0"><span class='ocrx_word' id='word_1_225' title='bbox 1727 2746 1731 2975; x_wconf 95' lang='lat' dir='ltr'><strong><em> </em></strong></span> 
     </span>
    </p>
   </div>
   <div class='ocr_carea' id='block_1_14' title="bbox 2051 2740 2059 2983">
    <p class='ocr_par' dir='ltr' id='par_1_17' title="bbox 2051 2740 2059 2983">
     <span class='ocr_line' id='line_1_35' title="bbox 2051 2740 2059 2983; baseline 0 2759"><span class='ocrx_word' id='word_1_226' title='bbox 2051 2740 2059 2983; x_wconf 95' lang='lat' dir='ltr'><strong><em> </em></strong></span> 
     </span>
    </p>
   </div>
   <div class='ocr_carea' id='block_1_15' title="bbox 2543 2754 2552 2979">
    <p class='ocr_par' dir='ltr' id='par_1_18' title="bbox 2543 2754 2552 2979">
     <span class='ocr_line' id='line_1_36' title="bbox 2543 2754 2552 2979; baseline 0 2763"><span class='ocrx_word' id='word_1_227' title='bbox 2543 2754 2552 2979; x_wconf 95' lang='lat' dir='ltr'><strong><em> </em></strong></span> 
     </span>
    </p>
   </div>
   <div class='ocr_carea' id='block_1_16' title="bbox 2703 2753 2711 2983">
    <p class='ocr_par' dir='ltr' id='par_1_19' title="bbox 2703 2753 2711 2983">
     <span class='ocr_line' id='line_1_37' title="bbox 2703 2753 2711 2983; baseline 0 2759"><span class='ocrx_word' id='word_1_228' title='bbox 2703 2753 2711 2983; x_wconf 95' lang='lat' dir='ltr'><strong><em> </em></strong></span> 
     </span>
    </p>
   </div>
   <div class='ocr_carea' id='block_1_17' title="bbox 1026 4040 1429 4049">
    <p class='ocr_par' dir='ltr' id='par_1_20' title="bbox 1026 4040 1429 4049">
     <span class='ocr_line' id='line_1_38' title="bbox 1026 4040 1429 4049; baseline 0 0"><span class='ocrx_word' id='word_1_229' title='bbox 1026 4040 1429 4049; x_wconf 95' lang='lat' dir='ltr'><strong><em> </em></strong></span> 
     </span>
    </p>
   </div>
   <div class='ocr_carea' id='block_1_18' title="bbox 1024 4133 3242 4692">
    <p class='ocr_par' dir='ltr' id='par_1_21' title="bbox 1024 4133 3242 4692">
     <span class='ocr_line' id='line_1_39' title="bbox 1164 4133 3106 4210; baseline -0.002 -20"><span class='ocrx_word' id='word_1_230' title='bbox 1164 4139 1210 4190; x_wconf 90' lang='lat'><strong><em>1.</em></strong></span> <span class='ocrx_word' id='word_1_231' title='bbox 1250 4135 1306 4189; x_wconf 80' lang='grc' dir='ltr'><strong><em>δ’</em></strong></span> <span class='ocrx_word' id='word_1_232' title='bbox 1346 4133 1380 4205; x_wconf 79' lang='grc' dir='ltr'>ἡ</span> <span class='ocrx_word' id='word_1_233' title='bbox 1412 4136 1542 4207; x_wconf 74' lang='grc' dir='ltr'><strong><em>μὲν]</em></strong></span> <span class='ocrx_word' id='word_1_234' title='bbox 1577 4136 1685 4208; x_wconf 80' lang='grc' dir='ltr'><strong><em>μὲν</em></strong></span> <span class='ocrx_word' id='word_1_235' title='bbox 1718 4135 1788 4205; x_wconf 83' lang='grc' dir='ltr'><strong><em>δὴ</em></strong></span> <span class='ocrx_word' id='word_1_236' title='bbox 1817 4139 1926 4209; x_wconf 79' lang='grc' dir='ltr'><strong><em>μὲν</em></strong></span> <span class='ocrx_word' id='word_1_237' title='bbox 1957 4142 1994 4190; x_wconf 88' lang='grc' dir='ltr'><strong>Β</strong></span> <span class='ocrx_word' id='word_1_238' title='bbox 2142 4142 2514 4210; x_wconf 78' lang='grc' dir='ltr'><strong><em>παρεγκλίτου</em></strong></span> <span class='ocrx_word' id='word_1_239' title='bbox 2540 4141 2600 4205; x_wconf 88' lang='lat' dir='ltr'><strong><em>F,</em></strong></span> <span class='ocrx_word' id='word_1_240' title='bbox 2626 4137 2766 4209; x_wconf 85' lang='grc' dir='ltr'><strong><em>παρ’</em></strong></span> <span class='ocrx_word' id='word_1_241' title='bbox 2793 4138 3046 4208; x_wconf 74' lang='grc' dir='ltr'><strong><em>ἐγκλίτου</em></strong></span> <span class='ocrx_word' id='word_1_242' title='bbox 3068 4137 3106 4187; x_wconf 93' lang='grc' dir='ltr'><strong>Β</strong></span> 
     </span>
     <span class='ocr_line' id='line_1_40' title="bbox 1024 4214 3242 4289; baseline 0 -19"><span class='ocrx_word' id='word_1_243' title='bbox 1024 4220 1074 4272; x_wconf 88' lang='grc'><strong><em>2.</em></strong></span> <span class='ocrx_word' id='word_1_244' title='bbox 1101 4214 1482 4284; x_wconf 78' lang='grc' dir='ltr'><strong><em>ἄνεκλείπτου]</em></strong></span> <span class='ocrx_word' id='word_1_245' title='bbox 1511 4220 1610 4272; x_wconf 88' lang='grc' dir='ltr'><strong><em>νῦν</em></strong></span> <span class='ocrx_word' id='word_1_246' title='bbox 1633 4219 1926 4273; x_wconf 74' lang='grc' dir='ltr'><strong><em>ἔκλείπτου</em></strong></span> <span class='ocrx_word' id='word_1_247' title='bbox 1947 4221 1986 4271; x_wconf 93' lang='grc' dir='ltr'><strong>Β</strong></span> <span class='ocrx_word' id='word_1_248' title='bbox 2088 4220 2233 4273; x_wconf 78' lang='grc' dir='ltr'><strong><em>πᾶσι</em></strong></span> <span class='ocrx_word' id='word_1_249' title='bbox 2258 4223 2373 4273; x_wconf 82' lang='lat' dir='ltr'><strong>add.</strong></span> <span class='ocrx_word' id='word_1_250' title='bbox 2400 4237 2465 4272; x_wconf 82' lang='lat' dir='ltr'><strong><em>ex</em></strong></span> <span class='ocrx_word' id='word_1_251' title='bbox 2488 4223 2561 4273; x_wconf 79' lang='lat' dir='ltr'><strong><em>He</em></strong></span> <span class='ocrx_word' id='word_1_252' title='bbox 2686 4222 2734 4273; x_wconf 88' lang='lat'><strong><em>3.</em></strong></span> <span class='ocrx_word' id='word_1_253' title='bbox 2760 4214 3242 4289; x_wconf 79' lang='grc' dir='ltr'><strong><em>περιπορεύεσθαι</em></strong></span> 
     </span>
     <span class='ocr_line' id='line_1_41' title="bbox 1025 4298 3238 4370; baseline -0.001 -17"><span class='ocrx_word' id='word_1_254' title='bbox 1025 4303 1097 4353; x_wconf 81' lang='lat' dir='ltr'><strong><em>He</em></strong></span> <span class='ocrx_word' id='word_1_255' title='bbox 1232 4302 1281 4353; x_wconf 88' lang='lat'><strong><em>4.</em></strong></span> <span class='ocrx_word' id='word_1_256' title='bbox 1311 4298 1617 4359; x_wconf 85' lang='grc' dir='ltr'><strong><em>συνεύσεως</em></strong></span> <span class='ocrx_word' id='word_1_257' title='bbox 1638 4302 1719 4354; x_wconf 86' lang='lat' dir='ltr'><strong><em>BF</em></strong></span> <span class='ocrx_word' id='word_1_258' title='bbox 1826 4298 2194 4369; x_wconf 83' lang='grc' dir='ltr'><strong><em>συννευούσης</em></strong></span> <span class='ocrx_word' id='word_1_259' title='bbox 2216 4319 2375 4370; x_wconf 83' lang='lat' dir='ltr'><strong>usque</strong></span> <span class='ocrx_word' id='word_1_260' title='bbox 2401 4304 2464 4355; x_wconf 81' lang='lat' dir='ltr'><strong><em>ad</em></strong></span> <span class='ocrx_word' id='word_1_261' title='bbox 2487 4301 2687 4370; x_wconf 82' lang='grc' dir='ltr'><strong><em>ἑαυτὴν</em></strong></span> <span class='ocrx_word' id='word_1_262' title='bbox 2712 4319 2809 4355; x_wconf 89' lang='lat' dir='ltr'><strong><em>om.</em></strong></span> <span class='ocrx_word' id='word_1_263' title='bbox 2834 4303 2922 4369; x_wconf 80' lang='lat' dir='ltr'><strong><em>He,</em></strong></span> <span class='ocrx_word' id='word_1_264' title='bbox 2941 4318 3041 4351; x_wconf 89' lang='lat' dir='ltr'><strong><em>non</em></strong></span> <span class='ocrx_word' id='word_1_265' title='bbox 3062 4301 3238 4351; x_wconf 80' lang='lat' dir='ltr'><strong>Bar-oc.</strong></span> 
     </span>
     <span class='ocr_line' id='line_1_42' title="bbox 1159 4379 3240 4455; baseline 0 -23"><span class='ocrx_word' id='word_1_266' title='bbox 1159 4382 1208 4433; x_wconf 89' lang='grc'><strong><em>6.</em></strong></span> <span class='ocrx_word' id='word_1_267' title='bbox 1245 4382 1417 4434; x_wconf 85' lang='grc' dir='ltr'><strong><em>ταῦτα</em></strong></span> <span class='ocrx_word' id='word_1_268' title='bbox 1440 4384 1520 4435; x_wconf 86' lang='lat' dir='ltr'><strong><em>BF</em></strong></span> <span class='ocrx_word' id='word_1_269' title='bbox 1681 4382 1742 4437; x_wconf 75' lang='grc' dir='ltr'><strong><em>ἐν</em></strong></span> <span class='ocrx_word' id='word_1_270' title='bbox 1765 4381 1914 4451; x_wconf 79' lang='grc' dir='ltr'><strong><em>αὐτῷ</em></strong></span> <span class='ocrx_word' id='word_1_271' title='bbox 1939 4384 1979 4434; x_wconf 87' lang='lat' dir='ltr'>F</span> <span class='ocrx_word' id='word_1_272' title='bbox 2142 4384 2189 4436; x_wconf 85' lang='lat'><strong><em>8.</em></strong></span> <span class='ocrx_word' id='word_1_273' title='bbox 2228 4380 2321 4454; x_wconf 76' lang='grc' dir='ltr'><strong><em>ἐφ’</em></strong></span> <span class='ocrx_word' id='word_1_274' title='bbox 2351 4380 2551 4438; x_wconf 78' lang='grc' dir='ltr'><strong><em>ἑαυτὸν</em></strong></span> <span class='ocrx_word' id='word_1_275' title='bbox 2573 4386 2627 4451; x_wconf 88' lang='grc' dir='ltr'><strong><em>Β,</em></strong></span> <span class='ocrx_word' id='word_1_276' title='bbox 2654 4382 2751 4455; x_wconf 74' lang='grc' dir='ltr'><strong><em>ἐφ’</em></strong></span> <span class='ocrx_word' id='word_1_277' title='bbox 2780 4379 2951 4436; x_wconf 80' lang='grc' dir='ltr'><strong><em>αὑτὸν</em></strong></span> <span class='ocrx_word' id='word_1_278' title='bbox 2976 4383 3016 4433; x_wconf 88' lang='lat' dir='ltr'><strong>F</strong></span> <span class='ocrx_word' id='word_1_279' title='bbox 3181 4380 3240 4433; x_wconf 80' lang='grc' dir='ltr'><strong><em>τὸ</em></strong></span> 
     </span>
     <span class='ocr_line' id='line_1_43' title="bbox 1025 4458 3107 4536; baseline 0.002 -24"><span class='ocrx_word' id='word_1_280' title='bbox 1025 4458 1189 4513; x_wconf 79' lang='lat' dir='ltr'><strong>addidi</strong></span> <span class='ocrx_word' id='word_1_281' title='bbox 1213 4479 1278 4514; x_wconf 85' lang='lat' dir='ltr'><strong><em>ex</em></strong></span> <span class='ocrx_word' id='word_1_282' title='bbox 1302 4465 1374 4515; x_wconf 80' lang='lat' dir='ltr'><strong><em>He</em></strong></span> <span class='ocrx_word' id='word_1_283' title='bbox 1513 4464 1592 4515; x_wconf 82' lang='lat'><strong><em>12.</em></strong></span> <span class='ocrx_word' id='word_1_284' title='bbox 1619 4464 1841 4528; x_wconf 75' lang='grc' dir='ltr'><strong><em>ἐλλείπῃ</em></strong></span> <span class='ocrx_word' id='word_1_285' title='bbox 1863 4464 1902 4512; x_wconf 92' lang='grc' dir='ltr'><strong>Β</strong></span> <span class='ocrx_word' id='word_1_286' title='bbox 1959 4513 1963 4517; x_wconf 89' lang='grc'><strong>,</strong></span> <span class='ocrx_word' id='word_1_287' title='bbox 2045 4464 2124 4518; x_wconf 87' lang='grc'><strong><em>13.</em></strong></span> <span class='ocrx_word' id='word_1_288' title='bbox 2150 4464 2278 4518; x_wconf 77' lang='grc' dir='ltr'><strong><em>ἴσον</em></strong></span> <span class='ocrx_word' id='word_1_289' title='bbox 2301 4466 2382 4516; x_wconf 84' lang='lat' dir='ltr'><strong><em>BF</em></strong></span> <span class='ocrx_word' id='word_1_290' title='bbox 2508 4466 2743 4536; x_wconf 76' lang='grc' dir='ltr'><strong><em>μεγέθει</em></strong></span> <span class='ocrx_word' id='word_1_291' title='bbox 2765 4467 2803 4517; x_wconf 94' lang='grc' dir='ltr'><strong>Β</strong></span> <span class='ocrx_word' id='word_1_292' title='bbox 2906 4465 3044 4517; x_wconf 79' lang='grc' dir='ltr'><strong><em>κατὰ</em></strong></span> <span class='ocrx_word' id='word_1_293' title='bbox 3069 4466 3107 4516; x_wconf 92' lang='grc' dir='ltr'><strong>Β</strong></span> 
     </span>
     <span class='ocr_line' id='line_1_44' title="bbox 1028 4544 3238 4615; baseline 0.002 -22"><span class='ocrx_word' id='word_1_294' title='bbox 1028 4544 1105 4594; x_wconf 86' lang='grc'><strong><em>14.</em></strong></span> <span class='ocrx_word' id='word_1_295' title='bbox 1135 4545 1295 4608; x_wconf 79' lang='lat' dir='ltr'>figur-a</span> <span class='ocrx_word' id='word_1_296' title='bbox 1320 4546 1466 4598; x_wconf 81' lang='lat' dir='ltr'><strong>abest</strong></span> <span class='ocrx_word' id='word_1_297' title='bbox 1491 4562 1519 4596; x_wconf 82' lang='lat' dir='ltr'>a</span> <span class='ocrx_word' id='word_1_298' title='bbox 1547 4546 1586 4596; x_wconf 79' lang='lat' dir='ltr'><strong>F</strong></span> <span class='ocrx_word' id='word_1_299' title='bbox 1705 4546 1783 4595; x_wconf 89' lang='lat'><strong><em>15.</em></strong></span> <span class='ocrx_word' id='word_1_300' title='bbox 1813 4544 1943 4597; x_wconf 83' lang='lat' dir='ltr'><strong>conf.</strong></span> <span class='ocrx_word' id='word_1_301' title='bbox 1973 4545 2141 4599; x_wconf 74' lang='lat' dir='ltr'><strong>Procl.</strong></span> <span class='ocrx_word' id='word_1_302' title='bbox 2170 4564 2217 4615; x_wconf 89' lang='lat' dir='ltr'><strong><em>p.</em></strong></span> <span class='ocrx_word' id='word_1_303' title='bbox 2246 4549 2310 4599; x_wconf 88' lang='grc'><strong><em>56</em></strong></span> <span class='ocrx_word' id='word_1_304' title='bbox 2334 4548 2449 4598; x_wconf 85' lang='lat' dir='ltr'><strong>inde</strong></span> <span class='ocrx_word' id='word_1_305' title='bbox 2473 4563 2501 4598; x_wconf 81' lang='lat' dir='ltr'><strong>a</strong></span> <span class='ocrx_word' id='word_1_306' title='bbox 2527 4564 2662 4599; x_wconf 78' lang='lat' dir='ltr'><strong>vers,</strong></span> <span class='ocrx_word' id='word_1_307' title='bbox 2692 4549 2758 4599; x_wconf 89' lang='grc'><strong><em>20</em></strong></span> <span class='ocrx_word' id='word_1_308' title='bbox 2782 4555 2834 4599; x_wconf 85' lang='lat' dir='ltr'><strong><em>et</em></strong></span> <span class='ocrx_word' id='word_1_309' title='bbox 2860 4562 3013 4613; x_wconf 81' lang='lat' dir='ltr'><strong>supra</strong></span> <span class='ocrx_word' id='word_1_310' title='bbox 3039 4563 3147 4613; x_wconf 80' lang='lat' dir='ltr'><strong>cap.</strong></span> <span class='ocrx_word' id='word_1_311' title='bbox 3179 4548 3238 4597; x_wconf 79' lang='lat'><strong><em>27</em></strong></span> 
     </span>
     <span class='ocr_line' id='line_1_45' title="bbox 1161 4621 3105 4692; baseline 0.002 -17"><span class='ocrx_word' id='word_1_312' title='bbox 1161 4627 1242 4676; x_wconf 87' lang='lat'><strong><em>21.</em></strong></span> <span class='ocrx_word' id='word_1_313' title='bbox 1281 4626 1411 4678; x_wconf 84' lang='lat' dir='ltr'><strong>conf.</strong></span> <span class='ocrx_word' id='word_1_314' title='bbox 1436 4627 1602 4677; x_wconf 74' lang='lat' dir='ltr'><strong>Procl.</strong></span> <span class='ocrx_word' id='word_1_315' title='bbox 1631 4643 1677 4692; x_wconf 89' lang='lat' dir='ltr'><strong><em>p.</em></strong></span> <span class='ocrx_word' id='word_1_316' title='bbox 1708 4626 1771 4676; x_wconf 87' lang='lat'><strong><em>58</em></strong></span> <span class='ocrx_word' id='word_1_317' title='bbox 1798 4642 1933 4677; x_wconf 78' lang='lat' dir='ltr'><strong>vers.</strong></span> <span class='ocrx_word' id='word_1_318' title='bbox 1963 4628 1995 4676; x_wconf 84' lang='lat'>6</span> <span class='ocrx_word' id='word_1_319' title='bbox 2155 4628 2237 4680; x_wconf 82' lang='lat'><strong><em>22.</em></strong></span> <span class='ocrx_word' id='word_1_320' title='bbox 2279 4625 2486 4681; x_wconf 76' lang='grc' dir='ltr'><strong><em>εὔνοιαι</em></strong></span> <span class='ocrx_word' id='word_1_321' title='bbox 2513 4629 2551 4679; x_wconf 92' lang='grc' dir='ltr'><strong>Β</strong></span> <span class='ocrx_word' id='word_1_322' title='bbox 2708 4629 2791 4680; x_wconf 83' lang='lat'><strong><em>23.</em></strong></span> <span class='ocrx_word' id='word_1_323' title='bbox 2829 4621 2917 4680; x_wconf 81' lang='grc' dir='ltr'><strong><em>ὅτι</em></strong></span> <span class='ocrx_word' id='word_1_324' title='bbox 2943 4645 3039 4679; x_wconf 90' lang='lat' dir='ltr'><strong><em>om.</em></strong></span> <span class='ocrx_word' id='word_1_325' title='bbox 3067 4628 3105 4678; x_wconf 92' lang='grc' dir='ltr'><strong>Β</strong></span> 
     </span>
    </p>
   </div>
  </div>
 </body>
</html>
