3925 5742
429 822 478 865 m
573 779 576 784 ’
886 795 1077 850 rmurarro

428 953 608 1021 rationibus
631 951 846 1019 subducendis
868 950 1048 1018 subiectum
1070 949 1105 1017 in
1128 951 1294 1038 singulari,
1316 951 1540 1041 praedicatum

429 1060 464 1128 in
486 1060 603 1150 plurali
624 1059 695 1143 fuit,
718 1057 822 1143 γίνεται
838 1057 958 1126 Graeci
980 1058 1141 1144 dixerunt,
1157 1082 1224 1125 non
1238 1058 1369 1144 γίνονται.
1416 1057 1540 1126 Contra

429 1166 461 1234 id
496 1167 601 1255 ipsum
629 1164 750 1251 γίνονται
780 1164 897 1253 plurali
925 1164 1062 1231 subiecti
1090 1188 1225 1231 numero
1254 1164 1374 1253 apponi
1403 1187 1538 1233 consen-

428 1281 560 1358 taneum
575 1281 634 1339 est.
680 1272 775 1337 Hanc
790 1271 944 1359 loquendi
958 1263 1066 1360 legem
1082 1273 1178 1338 etiam
1194 1272 1314 1339 codicis
1329 1271 1362 1338 A
1379 1272 1539 1361 scriptura

431 1389 616 1446 constanter
646 1378 807 1467 sequitur,
834 1401 941 1465 neque
970 1402 1032 1467 ego
1062 1379 1210 1464 discessi,
1239 1379 1302 1446 nisi
1331 1379 1388 1446 ubi
1416 1388 1537 1467 puncto

429 1485 618 1574 interposito
648 1483 829 1552 subiectum
857 1480 943 1565 βάσις
970 1486 1024 1551 vel
1054 1474 1143 1572 ἥμισυ
1164 1487 1218 1552 vel
1239 1485 1334 1570 τρίτον
1358 1509 1397 1552 ac
1419 1483 1537 1551 similia

429 1616 496 1659 non
524 1592 660 1660 aderant
687 1590 744 1656 sed
774 1590 971 1678 cogitatione
999 1615 1017 1658 e
1045 1591 1152 1679 priore
1179 1593 1339 1659 sententia
1361 1590 1537 1680 repetenda

430 1708 531 1767 erant
577 1698 643 1763 Hic
666 1696 752 1763 enim
775 1720 849 1763 oum
870 1707 1004 1786 propter
1026 1698 1129 1787 ipsam
1150 1689 1443 1787 interpunctionem
1457 1697 1537 1763 mihi

428 1805 623 1894 persuadere
656 1827 722 1870 non
754 1827 883 1893 possem
912 1805 1075 1892 singulare
1104 1804 1208 1890 γίνεται
1236 1815 1326 1871 recto
1353 1824 1388 1872 se
1417 1804 1537 1871 habere

429 1911 637 2002 sequentibus
664 1910 842 1998 pluralibus
870 1911 1029 1995 numeris,
1060 1911 1146 1978 edidi
1168 1912 1341 2000 pluralem,
1369 1920 1405 1976 ut
1426 1933 1458 1998 p.
1481 1910 1536 1992 61,

429 2018 466 2084 5:
498 2015 738 2085 colorbasiana
767 2010 817 2102 τὴν
844 2014 909 2103 μίαν
937 2016 992 2082 τῶν
1023 2013 1092 2082 ἴσων
1116 2016 1244 2099 πλευρῶν
1266 2012 1315 2099 ἐφ’
1340 2010 1456 2102 ἑαυτήν·
1480 2014 1535 2100 γί-

429 2148 551 2189 νονται
580 2122 637 2205 κε’,
666 2123 719 2188 vel
747 2147 778 2211 p.
801 2123 930 2205 62,10;
964 2117 1039 2202 λάβε
1067 2118 1102 2187 τὸ
1131 2111 1219 2209 ἥμισυ
1248 2121 1298 2208 τῆς
1321 2117 1448 2202 βάσεως·
1477 2121 1536 2207 γί-

429 2256 551 2297 νονται
574 2235 620 2315 ς’,
645 2239 678 2295 ot
701 2228 747 2294 sic
771 2229 842 2295 aliis
864 2229 945 2295 locis
967 2229 1141 2311 nonnullis,
1165 2229 1221 2296 ubi
1244 2228 1349 2314 γίνεται
1372 2229 1471 2295 habet
1493 2229 1535 2294 A.

428 2336 469 2404 In
492 2336 607 2404 ceteris
631 2335 733 2402 sicubi
756 2336 889 2401 discessi
913 2337 954 2402 ab
976 2334 1009 2401 A
1032 2374 1077 2384 —
1101 2345 1175 2401 sunt
1197 2344 1306 2402 autem
1328 2335 1363 2401 hi
1377 2335 1442 2401 loci
1457 2358 1536 2423 pau-

428 2443 550 2511 cissimi
573 2480 616 2491 —
639 2465 705 2507 non
726 2441 791 2508 feci
813 2441 876 2506 nisi
899 2442 1050 2530 graviore
1064 2466 1111 2510 ac
1126 2465 1184 2530 per
1200 2465 1234 2508 se
1250 2441 1422 2530 perspicua
1439 2464 1537 2507 causa

426 2558 574 2639 urgente.

515 2655 577 2722 Est
610 2654 664 2719 hic
698 2655 804 2736 locus,
834 2663 870 2720 ut
897 2655 938 2721 de
966 2679 1028 2721 usu
1057 2655 1198 2743 quodam
1229 2653 1350 2721 Graeci
1377 2653 1535 2720 sermonis

428 2783 689 2843 commemorem,
713 2749 768 2848 qui
791 2761 934 2826 nondum
956 2770 1052 2827 notus
1076 2784 1146 2827 esse
1168 2761 1306 2827 videtur.
1352 2760 1484 2827 Etenim
1500 2761 1535 2826 in

426 2866 726 2934 mathematicorum
750 2887 908 2949 sermone,
932 2890 971 2933 ac
994 2877 1072 2955 puto
1087 2860 1160 2933 iani
1175 2867 1275 2955 ipsius
1291 2866 1444 2951 Heronis,
1468 2890 1534 2932 non

426 2973 644 3041 recentiorum
667 2973 900 3057 tantummodo,
925 2967 979 3038 ἀνά
1003 2982 1077 3039 ante
1099 2975 1278 3040 numeralia
1301 2973 1448 3040 adverbii
1462 2973 1534 3039 loco

425 3082 643 3168 usurpabatur
680 3101 717 3144 eo
756 3101 852 3144 sensu
883 3102 954 3166 *quo
992 3078 1103 3146 Latini
1141 3080 1353 3147 distributivis
1390 3088 1534 3146 utuntur.

426 3186 530 3254 Verbi
569 3208 666 3251 causa
704 3208 806 3251 unum
847 3186 995 3274 quadrati
1034 3187 1118 3252 latus
1160 3186 1277 3251 dicitur
1311 3209 1381 3252 esse
1417 3179 1535 3270 ὀργυιῶν

428 3409 619 3467 octonarum
641 3398 806 3464 denarum.
852 3399 943 3464 Idem
967 3398 1095 3465 dicendi
1118 3423 1220 3487 genus
1243 3400 1402 3486 reperitur
1424 3422 1455 3486 p.
1480 3398 1535 3481 52,
1582 3455 1587 3462 .

431 3506 483 3571 14.
512 3505 566 3588 53,
584 3506 615 3572 6.
643 3505 697 3588 58,
716 3507 744 3568 l.
773 3505 827 3587 60,
844 3504 875 3587 5,
903 3528 942 3568 ac
971 3514 1019 3569 tot
1048 3514 1216 3592 praeterea
1243 3504 1324 3570 locis
1355 3527 1459 3593 paene
1487 3504 1536 3569 in·

428 3610 587 3693 numeris,
616 3618 653 3677 ut
681 3631 737 3675 eos
766 3609 920 3696 colligere
948 3609 1029 3674 nihil
1057 3611 1200 3677 attineat.
1247 3611 1457 3691 Quinetiam
1480 3610 1536 3677 ubi

427 3717 463 3784 in
503 3715 660 3783 eiusmodi
698 3715 865 3784 sententiis
901 3717 1105 3783 accusativus
1138 3727 1213 3813 post
1246 3711 1300 3783 οἶνοί
1334 3717 1469 3806 legitur,
1508 3717 1537 3782 is

429 3846 603 3912 suspensus
631 3831 681 3888 est
711 3845 753 3888 cx
782 3818 870 3906 ἔχειν,
899 3831 996 3910 atquc
1026 3816 1081 3889 rival
1109 3823 1245 3890 eandem
1274 3833 1363 3890 tenet
1391 3822 1537 3890 adverbii

425 3930 509 4014 vim,
538 3938 576 3996 ut
602 3952 635 4018 p.
658 3929 781 4012 49,33:
810 3924 920 4014 ἑκάστη
951 3921 1062 4014 πλευραὶ
1090 3925 1150 4014 ἔχει
1174 3923 1227 3994 oivoi
1251 3923 1363 4016 ὄργυιοῖς
1388 3929 1427 4015 1'3
1458 3929 1537 3995 item

425 4060 459 4126 p.
483 4035 600 4122 50,15.
625 4035 747 4121 96,21;
772 4034 829 4101 scd
851 4035 932 4101 hacc
958 4037 1097 4103 formula
1117 4036 1219 4102 multo
1241 4036 1344 4103 rarior
1368 4044 1417 4102 est
1439 4059 1537 4124 quam

427 4143 539 4226 altera,
562 4142 619 4209 ubi
642 4142 812 4230 genetivus
834 4142 955 4231 pendet
977 4166 1019 4209 ex
1042 4140 1120 4207 alvea.
1155 4141 1227 4208 Nec
1242 4166 1319 4210 vero
1337 4142 1535 4209 soli'mathe-

427 4249 538 4315 matioi
569 4249 616 4315 sic
645 4249 744 4315 locuti
775 4258 865 4330 sunt,
895 4249 951 4314 sed
979 4249 1097 4315 medici
1126 4248 1239 4332 etiam,
1269 4258 1305 4315 ut
1325 4249 1535 4315 Dioscorides

427 4350 493 4437 aspi
517 4349 637 4433 ιὀβόλων
660 4379 692 4443 p.
710 4355 752 4420 79
775 4354 839 4441 (ed.
857 4353 1050 4443 Sprengel):
1074 4347 1158 4419 inico
1181 4350 1229 4420 nol
1252 4349 1376 4442 σμύρνης
1393 4348 1445 4420 circi
1464 4347 1535 4434 ἔβο-

311 4529 313 4533 .
425 4453 486 4540 λὸς,
510 4468 543 4526 et
563 4458 674 4546 Lycus
697 4461 783 4548 apud
807 4459 993 4527 Oribasium
1015 4483 1047 4548 p.
1074 4460 1138 4527 194
1161 4458 1225 4549 (ed.
1248 4460 1436 4550 Matthaei):
1458 4457 1536 4526 κικί-

427 4570 491 4647 dog,
522 4558 727 4653 ἅρνογλῶσσου
755 4565 936 4654 σπέρματος,
965 4560 1071 4649 τούτων
1097 4567 1233 4653 ἑκατέρου
1262 4563 1314 4635 oivoi
1344 4563 1396 4635 δύο
1424 4572 1535 4655 μοῖραι.
