3925 5742
467 778 514 821 m*
927 757 1117 809 pennulam
1150 793 1152 799 .

341 964 345 970 .
468 921 537 977 tum
560 933 624 999 quo
649 933 711 998 ego
734 910 874 999 primum
900 911 1043 978 maxime
1065 929 1117 977 me
1139 911 1200 978 niti
1222 934 1317 1000 posse
1341 906 1578 996 existimabam,

382 1078 392 1094 χ
468 1017 596 1084 firmum
621 1041 692 1084 esse
714 1028 828 1106 postea
851 1018 1002 1106 cognovi.
1050 1016 1133 1084 (lum
1150 1018 1236 1084 enim
1251 1017 1407 1084 vidissem
1421 1016 1456 1082 in
1470 1016 1579 1084 indice

469 1124 538 1190 sive
552 1125 662 1191 tabula
678 1147 761 1212 quae
775 1125 953 1213 praemissa
968 1133 1018 1191 est
1033 1124 1095 1213 ipsi
1106 1123 1294 1192 Heroniano
1311 1123 1401 1212 operi
1416 1121 1462 1211 (p.
1477 1122 1577 1212 1-6)

468 1232 569 1298 multa
602 1230 696 1297 aliter
729 1231 850 1319 scripta
885 1252 955 1296 esse
990 1253 1028 1296 ae
1061 1239 1174 1319 postea
1208 1230 1243 1296 in
1278 1238 1449 1313 contextu,
1487 1230 1521 1295 in
1549 1229 1579 1294 F

468 1346 575 1403 autem
610 1359 682 1402 eam
718 1336 967 1425 discrepantiam
1000 1336 1100 1402 multo
1129 1337 1287 1403 minorem
1317 1359 1387 1403 esse
1417 1359 1514 1424 quam
1542 1335 1578 1402 in

386 1457 389 1460 ’
467 1443 611 1530 reliquis,
634 1443 775 1531 primum
798 1443 861 1510 hoc
885 1442 1099 1510 certissimum
1119 1444 1346 1510 documentum
1361 1442 1578 1530 praestantiae

468 1549 611 1617 eiusdem
635 1549 756 1616 oodieis
780 1550 927 1637 opinatus
952 1573 1033 1615 sum.
1081 1548 1286 1638 Quapropter
1311 1551 1452 1617 indicem
1479 1550 1578 1617 talem

468 1656 601 1723 exhibui
617 1657 745 1744 qualem
757 1656 786 1721 F
797 1657 896 1722 habet
910 1662 1008 1743 atque
1024 1656 1121 1722 etiam
1136 1656 1170 1721 in
1182 1656 1314 1745 reliquis
1328 1656 1460 1723 edendis
1472 1656 1578 1745 magis

468 1763 509 1829 ad
540 1786 614 1829 eum
636 1762 791 1829 inclinare
816 1763 919 1850 coepi.
964 1762 1088 1829 Verum
1111 1772 1224 1851 postea
1247 1762 1289 1828 ad
1312 1763 1398 1829 aliud
1421 1762 1578 1829 iudicium

470 1869 625 1936 deductus
659 1893 738 1936 sum.
790 1869 876 1935 Nam
911 1890 949 1935 ea
983 1869 1054 1956 ipsa
1083 1892 1166 1957 quae
1195 1871 1229 1934 in
1258 1869 1364 1935 indice
1393 1870 1578 1958 discrepant

468 1975 608 2063 vestigia
630 1984 704 2041 sunt
728 1974 916 2063 antiquioris
940 1976 1106 2042 cuiusdam
1121 1977 1244 2043 formae
1259 1975 1439 2043 Heroniani
1461 1977 1577 2064 operis.

467 2082 508 2148 In
537 2105 601 2169 qua
630 2105 704 2148 oum
732 2080 795 2149 alia
817 2081 936 2147 reetius
960 2081 1080 2169 scripta
1101 2081 1201 2146 fuisse
1223 2082 1384 2166 videntur,
1410 2091 1478 2148 tum
1502 2082 1578 2149 cubi

469 2189 612 2256 delinitio
636 2213 729 2255 suum
751 2191 858 2255 locum
883 2189 986 2255 tenuit
1010 2188 1099 2277 (vide
1122 2213 1189 2256 var.
1211 2191 1285 2256 leet.
1309 2188 1349 2254 ad
1372 2213 1404 2277 p.
1428 2189 1449 2254 ἴ)
1473 2212 1521 2254 vs.
1545 2190 1576 2256 6.

468 2298 504 2380 9,
535 2297 608 2362 ooll.
632 2319 663 2383 p.
687 2293 788 2383 ass).
835 2293 897 2360 His
920 2294 1020 2382 igitur
1042 2295 1245 2382 aliquatenus
1269 2294 1389 2360 codicis
1413 2295 1441 2360 F
1465 2303 1575 2360 auoto-

466 2402 545 2468 ritas
573 2401 789 2485 imminuitur,
819 2423 858 2465 ae
889 2399 994 2486 magis
1023 2399 1121 2465 etiam
1151 2400 1254 2467 editor
1283 2401 1432 2488 quamvis
1454 2401 1576 2469 invitus

468 2507 595 2595 cogitur
623 2508 718 2574 modo
748 2528 789 2571 ex
815 2505 892 2588 hac,
922 2505 1019 2570 modo
1043 2529 1085 2571 ex
1107 2505 1163 2572 illa
1186 2505 1334 2571 oodioum
1356 2507 1479 2575 familia
1503 2530 1575 2574 eam

465 2615 640 2682 lectionem
675 2636 758 2702 quae
788 2635 867 2678 vera
896 2634 967 2677 esse
996 2611 1144 2678 videatur
1171 2622 1327 2700 repetere.
1381 2613 1478 2693 Quod
1506 2623 1576 2680 tum

466 2721 533 2788 ne’n
554 2721 692 2810 amplius
715 2743 796 2809 opus
819 2718 889 2801 erit,
911 2710 1083 2806 siquando
1099 2718 1187 2784 felici
1202 2742 1278 2785 oasu
1295 2720 1456 2808 antiquior
1472 2721 1577 2789 codex

467 2850 565 2917 quam
592 2826 627 2891 hi
655 2826 772 2914 quibus
801 2848 878 2892 usus
907 2848 979 2890 sum
1001 2826 1147 2913 repertus
1169 2826 1277 2892 fuerit.
1322 2826 1416 2893 Libri
1437 2825 1467 2891 B
1491 2836 1524 2892 et
1547 2825 1576 2894 O

466 2935 657 3023 plerumque
685 2932 770 2999 inter
798 2954 833 2998 se
862 2931 1083 3016 consentiunt,
1112 2953 1185 2999 raro
1213 2942 1322 3000 autem
1345 2930 1373 2999 O
1395 2933 1511 2999 transit
1533 2931 1576 3001 ad

466 3040 495 3105 F
519 3040 570 3130 (ut
591 3065 622 3129 p.
641 3041 693 3123 12,
716 3040 748 3123 4,
772 3038 829 3106 ubi
851 3037 968 3105 desunt
990 3061 1095 3126 pauca
1116 3039 1151 3105 in
1174 3041 1242 3105 solo
1263 3039 1322 3126 B);
1347 3064 1386 3105 ao
1407 3063 1486 3107 vero
1510 3064 1576 3109 uno

466 3149 538 3215 loeo
558 3147 646 3228 ⁴idem
668 3147 797 3235 plenam
821 3145 1013 3234 scripturam
1037 3145 1193 3228 servavit,
1223 3147 1279 3213 ubi
1301 3145 1387 3216 imB
1410 3156 1443 3213 et
1465 3148 1494 3213 F
1518 3169 1577 3214 sex

467 3255 567 3322 verba
591 3253 709 3320 omissa
732 3262 806 3319 sunt
829 3251 873 3341 (p.
900 3253 951 3337 11,
978 3250 1044 3340 14).

556 3359 623 3428 Sed
646 3360 839 3449 supersedeo
863 3360 956 3448 plura
978 3359 1019 3425 do
1044 3359 1208 3427 eodioibus
1232 3358 1356 3446 diaere3
1378 3385 1453 3428 nam
1476 3362 1576 3450 pluri-

467 3490 539 3534 mae
568 3490 607 3531 ae
630 3467 791 3534 maximae
813 3465 1019 3531 difficultates
1042 3464 1082 3531 iis
1104 3466 1184 3532 loeis
1208 3476 1396 3551 occurrunt,
1428 3468 1484 3535 ubi
1508 3493 1576 3536 om·

467 3573 557 3639 nium
584 3572 740 3639 librorum
769 3571 928 3659 scriptura
956 3581 1109 3660 corrupta
1137 3582 1194 3638 est.
1240 3574 1292 3639 Ex
1321 3573 1372 3639 his
1401 3574 1481 3641 alios
1507 3575 1576 3642 vidi

467 3678 693 3768 Dasypodium
716 3679 948 3761 emendavisse,
972 3678 1053 3744 alios
1077 3702 1149 3745 mea
1172 3679 1357 3746 coniectura
1378 3703 1492 3747 sanare
1508 3690 1575 3749 stu-

467 3787 537 3871 dui,
559 3786 639 3852 alios
661 3786 800 3852 intactos
823 3784 1006 3872 relinquere
1029 3785 1128 3851 malui
1151 3810 1249 3874 quam
1271 3787 1396 3853 incerto
1424 3811 1462 3853 ae
1485 3787 1574 3856 fluxo

466 3892 585 3960 iudicio
609 3901 744 3959 tentare.
791 3890 997 3979 Quamquam
1019 3891 1116 3957 nimis
1138 3892 1288 3981 religiose
1313 3894 1471 3982 quaedam
1486 3919 1506 3960 a
1521 3919 1576 3963 me

466 4009 593 4068 servata
615 4022 686 4066 esse
708 4007 822 4087 postea
844 3997 990 4064 intellexi
1014 4022 1111 4086 quam
1133 3998 1188 4066 illa
1210 4000 1296 4088 typis
1320 4011 1473 4089 expressa
1489 4010 1575 4069 sunt.

467 4106 560 4187 Quae
588 4129 650 4195 ego
679 4131 767 4172 nunc
796 4105 966 4175 emendata
995 4129 1092 4195 supra
1120 4106 1272 4195 proposui
1301 4107 1373 4173 loeo
1399 4108 1575 4197 conspicuo

466 4214 519 4302 (p.
540 4212 629 4301 IV),
658 4213 685 4278 si
716 4212 804 4301 quis,
839 4219 1013 4300 antequam
1042 4213 1104 4279 hoe
1134 4213 1217 4279 libro
1248 4221 1372 4297 utatur,
1407 4236 1445 4280 ea
1475 4215 1575 4280 corri-

466 4341 545 4408 gere
568 4318 655 4384 velit.

555 4424 729 4491 Variorum
757 4425 949 4514 scriptorum
983 4425 1132 4493 manibus
1159 4432 1304 4492 versatas
1333 4448 1404 4492 esse
1430 4426 1575 4510 Heronio

467 4530 686 4617 definitiones,
718 4531 826 4620 quoad
848 4532 890 4600 ad
910 4532 996 4599 hane
1018 4533 1156 4598 formam
1180 4555 1262 4621 quae
1284 4533 1319 4599 in
1341 4533 1459 4600 nostris
1481 4533 1574 4601 libris
