3925 5742
511 782 542 832 ³2
991 778 1134 829 HERONIS

509 934 543 1002 έν
564 936 612 1023 τῷ
634 933 667 1016 ς’
687 935 752 1001 τῶν
772 929 951 1024 Εὐκλείδου
974 930 1035 999 δάο
1059 930 1225 999 δοθέντων
1246 929 1488 1019 εὐθυγράμμων
1510 924 1540 1020 ᾦ
1559 932 1622 1017 μέν

511 1034 637 1122 ὅμοιον,
660 1027 689 1125 ᾧ
711 1036 747 1103 δὲ
769 1031 842 1102 ἴσον
863 1032 1098 1123 συστήσασθαι
1115 1031 1300 1121 πρόκειται.
1344 1031 1439 1101 κάκεῖ
1452 1032 1621 1123 μεσότητα

511 1134 670 1224 άνάλογον
697 1135 841 1226 εὑρόντες
869 1137 928 1203 διά
953 1135 1074 1223 ταύτης
1099 1135 1381 1221 κατασκευάζομεν
1407 1137 1446 1205 τδ
1469 1138 1621 1226 προβλη-

511 1239 587 1308 θέν·
611 1238 671 1308 ἐπὶ
694 1239 731 1306 δέ
751 1240 815 1305 τῶν
837 1237 975 1327 στερεῶν
997 1238 1057 1304 διά
1080 1236 1139 1305 δύο
1159 1237 1357 1327 μεσοτήτων.

444 1389 502 1448 117
787 1373 861 1462 ριεί.
906 1369 1341 1464 Περὶίσωνγραμμῶν.
1641 1391 1658 1440 5

576 1478 679 1550 ,Νυνὶ
701 1477 739 1546 δδ
760 1478 912 1545 καθόλου
929 1476 1065 1563 λέγομεν
1079 1477 1158 1563 περὶ
1172 1477 1232 1563 μέν
1247 1473 1338 1562 ἰ’σων,
1362 1475 1414 1546 ότι
1426 1474 1501 1546 ἴσαι
1517 1492 1620 1566 γραμ-

510 1576 659 1664 μαίείσι
682 1580 741 1646 καὶ
762 1578 960 1671 ἐπιφάνειαι
981 1580 1040 1647 καὶ
1061 1581 1177 1669 στερεά
1200 1578 1263 1648 ὅσα
1277 1577 1435 1668 ἁρμόττει
1451 1577 1513 1648 όλα
1528 1579 1622 1662 όλοις

509 1678 532 1769 ἢ
556 1682 641 1748 κατά
667 1681 764 1769 μέρος
789 1677 811 1770 ἢ
833 1682 922 1749 κατά
949 1680 1186 1770 σχηματισμόν.
1235 1682 1367 1768 λέγεται
1394 1683 1431 1749 δὲ
1458 1678 1533 1750 ἴσον
1562 1683 1621 1751 καὶ

510 1783 549 1850 τό
581 1780 833 1870 ίσοπερίμετρον
859 1783 900 1873 τῇ
927 1784 1067 1874 περιοχῇ
1093 1783 1152 1850 καί
1178 1785 1217 1851 τὸ
1243 1781 1318 1852 ἰ’σον
1347 1789 1419 1864 ταῖς
1446 1789 1619 1875 γραμμαῖς,

471 1909 483 1946 ι
510 1882 595 1952 άίστε
617 1885 674 1952 καί
696 1886 735 1952 τό
759 1884 896 1974 ἕμβαδῷ
918 1885 977 1952 καὶ
999 1887 1038 1952 τά
1061 1888 1305 1976 ῒμονοεμβαδηῖ.
1350 1883 1425 1954 ’ίσαι
1445 1884 1487 1966 Ιδέ
1501 1882 1621 1972 γωνίαι
1641 1899 1672 1949 10

511 1984 595 2054 εἰσίν
622 1983 656 2053 αὶ
684 1982 931 2077 ἐφαρμόζουσαι
961 1983 1039 2054 δ’λαι
1068 1986 1162 2067 όλαις
1188 1986 1222 2054 ἐν
1239 1975 1319 2069 τοῖς
1341 1985 1522 2067 ἐπιπέδοις
1544 1982 1567 2076 ή
1589 1986 1621 2055 έν

510 2092 581 2166 τοῖς
607 2092 752 2175 στερεοῖς
779 2088 864 2171 κατά
890 2088 949 2176 τήν
977 2084 1078 2178 αότήν
1105 2090 1293 2178 συναγωγήν
1319 2085 1341 2178 ή
1368 2090 1453 2157 κατά
1480 2088 1579 2174 μέρος
1600 2072 1622 2176 ή

470 2215 483 2253 ο
510 2189 595 2256 κατά
622 2188 860 2280 σχηματισμόν.
904 2186 976 2258 ίσοι
1005 2189 1042 2258 δέ
1068 2190 1183 2258 κόκλοι
1207 2189 1298 2273 εἰσίν,
1322 2183 1367 2257 ὧν
1389 2188 1423 2258 αἱ
1446 2189 1621 2280 διάμετροι

510 2288 585 2360 ἰ’σαι
614 2288 771 2380 ἀλλήλαις
798 2288 898 2359 εἰσίν·
932 2288 1004 2359 άπὸ
1031 2293 1093 2381 γάρ
1116 2299 1186 2359 Ιτῶν
1213 2291 1320 2361 αὐτῶν
1350 2290 1534 2381 διαμέτρων
1562 2288 1621 2359 οδκ

510 2389 602 2461 ἔστιν
624 2392 811 2481 ἕτερονναί
834 2391 945 2482 ἕτερον
965 2394 1083 2462 κύκλον
1105 2393 1297 2485 ἐπινοῆσαι,
1322 2391 1482 2483 δοθείσης
1505 2395 1542 2462 δέ
1562 2401 1621 2485 τής
1643 2413 1672 2462 15

470 2518 484 2555 4
512 2495 689 2584 διαμέτρου
713 2495 851 2563 δέδοται
873 2495 931 2563 καί
953 2492 972 2563 ό
996 2496 1113 2576 κύκλος
1132 2499 1180 2586 τῷ
1201 2499 1349 2584 μεγέθει.
1396 2499 1467 2580 [ἴσον
1481 2496 1526 2566 ’δὲ
1549 2496 1621 2566 εἶπέ-

510 2629 571 2684 χειν
601 2597 651 2680 τάς
680 2597 794 2682 εὐθείας
822 2595 936 2686 λέγεται
965 2602 1018 2667 τοῦ
1045 2604 1168 2687 κέντρου,
1201 2595 1246 2670 ότε
1277 2601 1337 2670 άπδ
1362 2606 1414 2671 τοῦ
1435 2607 1550 2693 κέντρου
1574 2603 1619 2673 ἔπ’

511 2702 599 2787 αὐτάς
622 2704 747 2774 κάθετοι
770 2702 905 2795 άγόμενοι
929 2703 992 2775 ἴσαι
1016 2697 1086 2794 τότε·
1110 2716 1203 2798 μεῖζον
1228 2711 1258 2776 δὲ
1282 2708 1332 2793 ἐφ’
1357 2700 1388 2798 ἣν
1412 2708 1429 2799 ἡ
1450 2713 1549 2800 μείζων
1564 2709 1620 2779 κά-

467 2838 479 2875 5
511 2823 596 2892 &erog
625 2812 743 2893 πίπτει].
794 2807 854 2878 ἰ’σα
887 2812 925 2878 δὲ
953 2813 1070 2897 στερεά
1098 2812 1251 2901 σχήματά
1278 2812 1344 2882 εἱσι
1371 2816 1412 2882 τά
1440 2813 1510 2884 δπδ
1538 2813 1621 2883 ἴσων

511 2913 683 2983 ἐπιπέδων
704 2914 923 3002 περιεχόμενα
945 2915 1003 2983 καί
1027 2914 1151 3001 ὁμοίως
1171 2920 1339 3002 κειμένων,
1368 2915 1450 2987 ἴσων
1470 2920 1511 2988 τδ
1534 2920 1621 3009 πλῆ-
1642 2937 1674 2988 20

510 3023 575 3097 θος
595 3017 654 3084 καὶ
674 3018 713 3084 τό
735 3014 888 3102 μέγεθος.

446 3138 501 3199 118
523 3137 601 3227 ρις’.
645 3137 745 3226 Περὶ
769 3134 883 3205 *ἴσων
904 3138 972 3204 καὶ
996 3132 1363 3207 άντιπεπονθότων
1384 3139 1605 3229 σχημάτων.

593 3237 716 3325 Ὄμοιά
739 3237 805 3307 είσι
830 3239 982 3328 σχήματα
1004 3235 1222 3326 εὐθύγραμμα
1243 3240 1285 3306 τά
1308 3236 1424 3325 έχοντα
1439 3243 1524 3309 κατά
1538 3240 1621 3328 μίαν

508 3343 569 3421 τάς
591 3334 818 3428 γωνίαςίσσς.
863 3340 921 3407 καὶ
942 3335 1065 3419 άλλως·
1090 3339 1152 3408 ὅσα
1173 3340 1234 3420 τάς
1255 3366 1291 3408 τε
1314 3340 1431 3428 γωνίας
1452 3340 1530 3424 ἴσας
1552 3340 1621 3429 ἔχει

509 3443 594 3509 κατά
616 3440 696 3527 μίαν
717 3443 775 3511 καί
796 3443 857 3522 τάς
878 3442 958 3528 περὶ
978 3443 1041 3521 τάς
1062 3438 1139 3522 ἴσας
1154 3441 1273 3528 γωνίας
1288 3445 1431 3533 πλευράς
1447 3441 1618 3532 α’νάλογον.
1641 3461 1671 3511 25

510 3542 787 3612 ἀντιπεπονθότα
817 3544 855 3611 δέ
881 3542 1033 3632 σχήματά
1062 3541 1156 3627 εἰσιν,
1187 3543 1219 3611 έν
1247 3537 1298 3624 οἷς
1324 3545 1357 3613 έν
1383 3543 1527 3637 ἑκατέρῳ
1554 3549 1621 3615 τῶν

510 3643 684 3736 σχημάτων
714 3642 889 3734 ἡγούμενοί
920 3670 957 3712 τε
984 3646 1042 3712 καὶ
1068 3642 1226 3730 ἑπόμενοι
1253 3647 1347 3733 λόγοι
1373 3646 1465 3717 εἰσίν.
1515 3646 1620 3735 όμοια

508 3746 663 3836 τμήματα
689 3748 815 3815 κόκλων
842 3743 909 3814 εἰσὶ
935 3747 977 3813 τά
1006 3745 1165 3832 δεχόμενα
1194 3746 1312 3833 γωνίας
1337 3746 1428 3833 ἴσας,
1454 3746 1477 3839 ἢ
1503 3749 1538 3819 έν
1566 3743 1620 3832 οἷς

509 3847 545 3917 αἶ
567 3847 684 3936 γωνίαι
706 3846 780 3918 ἴσαι
800 3845 882 3917 εἶσί·
904 3847 1148 3938 παραπλησίως
1163 3849 1201 3916 δέ
1215 3848 1273 3918 καί
1287 3849 1441 3939 τμήματα
1455 3854 1617 3942 σφαιρῶν.

577 4029 599 4079 l.
620 4025 660 4091 ς’]
673 4025 714 4088 ις’
727 4028 795 4093 libri,
807 4028 876 4094 ἑκτῴ
889 4027 929 4078 Da
940 4027 975 4092 (v.
989 4027 1061 4078 Euel.
1077 4028 1100 4091 6,
1114 4028 1155 4091 25)
1226 4013 1265 4077 ὧν
1276 4024 1330 4096 μὲν
1342 4021 1445 4097 ὅμοιον
1457 4016 1495 4084 τόν
1508 4029 1540 4084 δὲ
1549 4030 1618 4098 libri,

507 4126 574 4161 corr.
588 4110 629 4161 Da
697 4111 720 4160 2.
733 4113 824 4179 μέσον
835 4110 894 4160 libri
963 4110 988 4160 4.
1006 4107 1063 4171 ἐπὶ]
1077 4106 1137 4159 ἔστι
1149 4108 1207 4159 libri
1259 4109 1283 4158 6.
1302 4108 1426 4177 λέγωμεν
1437 4111 1477 4162 Da
1490 4112 1570 4175 (reete
1584 4113 1617 4164 li·

506 4191 559 4254 Ινείς
576 4188 641 4241 conf.
656 4206 678 4256 p.
694 4191 734 4255 34,
750 4193 788 4243 13.
808 4193 849 4256 38,
862 4191 887 4257 3)
968 4191 1108 4259 γραμμαί]
1124 4193 1235 4259 γραφαί
1249 4191 1267 4240 Β
1355 4191 1395 4241 10.
1414 4192 1452 4260 τῷ
1470 4190 1618 4262 ἐμβαδρῖΒ

486 4272 546 4322 «θα
614 4267 646 4323 τό
658 4272 776 4335 alterum]
794 4271 833 4336 τῷ
846 4267 876 4322 τὸ
889 4272 917 4336 Β,
932 4271 1057 4339 τῴΙδΠσ
1123 4269 1203 4340 μόνῳ
1216 4269 1329 4340 ἐμβαδῴ
1340 4271 1381 4322 Da
1451 4273 1491 4324 13.
1509 4269 1616 4340 κύκλοι]

507 4346 586 4417 κύβοι
598 4351 658 4409 libri
728 4352 767 4402 14.
786 4349 920 4416 άλλήλαισ
931 4361 957 4404 et
970 4366 1097 4418 suprascr.
1113 4371 1154 4410 οις
1165 4353 1195 4418 F,
1209 4347 1368 4420 άλλήλοιςΒ
1439 4354 1479 4405 16.
1502 4352 1618 4407 δέδοται

508 4446 556 4482 om.
571 4431 629 4482 libri
700 4433 739 4484 17.
765 4427 885 4485 ὅτανδσ
953 4428 1111 4496 ἐπ’]άπἛ
1178 4434 1217 4484 18.
1236 4435 1340 4503 μείζων
1351 4434 1419 4498 libri,
1432 4451 1500 4486 corr.
1514 4436 1555 4487 Da

508 4513 549 4563 20.
568 4509 631 4563 ἴσον
643 4512 701 4563 libri
770 4514 808 4580 τῷ
821 4509 924 4580 πλήθει
940 4515 986 4564 καὶ
1000 4514 1198 4582 τῴμεγέδειίῖ
1268 4515 1309 4565 22.
1330 4515 1493 4579 ἴσωνήίιυτυο
1508 4511 1619 4586 όμοίων

587 4589 854 4646 άντιπετιοδότωνΒ
924 4595 963 4645 28.
983 4589 1078 4645 κύκλοι
1091 4595 1149 4646 libri
