<?xml version="1.0" encoding="UTF-8"?>
<!DOCTYPE html PUBLIC "-//W3C//DTD XHTML 1.0 Transitional//EN"
    "http://www.w3.org/TR/xhtml1/DTD/xhtml1-transitional.dtd">
<html xmlns="http://www.w3.org/1999/xhtml" xml:lang="en" lang="en">
 <head>
  <title>
</title>
<meta http-equiv="Content-Type" content="text/html;charset=utf-8" />
  <meta name='ocr-system' content='tesseract 3.04.00' />
  <meta name='ocr-capabilities' content='ocr_page ocr_carea ocr_par ocr_line ocrx_word'/>
</head>
<body>
  <div class='ocr_page' id='page_1' title='image "./heronisalexandr00hultgoog/heronisalexandr00hultgoog_0121.png"; bbox 0 0 3925 5742; ppageno 0'>
   <div class='ocr_carea' id='block_1_1' title="bbox 806 815 1463 895">
    <p class='ocr_par' dir='ltr' id='par_1_1' title="bbox 806 815 1463 895">
     <span class='ocr_line' id='line_1_1' title="bbox 806 815 1463 895; baseline 0.008 -5"><span class='ocrx_word' id='word_1_1' title='bbox 806 838 1012 893; x_wconf 74' lang='grc' dir='ltr'><strong><em>σσοκκυκικ.</em></strong></span> <span class='ocrx_word' id='word_1_2' title='bbox 1038 815 1040 819; x_wconf 59' lang='grc'><em>”</em></span> <span class='ocrx_word' id='word_1_3' title='bbox 1429 844 1463 895; x_wconf 86' lang='grc' dir='ltr'><strong><em>ευ</em></strong></span> 
     </span>
    </p>
   </div>
   <div class='ocr_carea' id='block_1_2' title="bbox 293 989 1518 4052">
    <p class='ocr_par' dir='ltr' id='par_1_2' title="bbox 293 989 1518 4052">
     <span class='ocr_line' id='line_1_2' title="bbox 344 989 1462 1085; baseline 0.006 -27"><span class='ocrx_word' id='word_1_4' title='bbox 344 1015 416 1058; x_wconf 88' lang='grc' dir='ltr'><strong><em>των</em></strong></span> <span class='ocrx_word' id='word_1_5' title='bbox 450 989 605 1075; x_wconf 77' lang='grc' dir='ltr'><strong><em>σχοινίων</em></strong></span> <span class='ocrx_word' id='word_1_6' title='bbox 638 991 865 1081; x_wconf 80' lang='grc' dir='ltr'><strong><em>ε’νενηκονταὸξ</em></strong></span> <span class='ocrx_word' id='word_1_7' title='bbox 894 989 970 1084; x_wconf 90' lang='grc' dir='ltr'><strong><em>ἤτοι</em></strong></span> <span class='ocrx_word' id='word_1_8' title='bbox 1004 997 1063 1085; x_wconf 79' lang='grc' dir='ltr'><strong><em>γῆς</em></strong></span> <span class='ocrx_word' id='word_1_9' title='bbox 1093 993 1218 1081; x_wconf 89' lang='grc' dir='ltr'><strong><em>μοδίων</em></strong></span> <span class='ocrx_word' id='word_1_10' title='bbox 1241 1018 1462 1084; x_wconf 89' lang='grc' dir='ltr'><strong><em>τεσσαρακον-</em></strong></span> 
     </span>
     <span class='ocr_line' id='line_1_3' title="bbox 346 1090 492 1162; baseline -0.007 -1"><span class='ocrx_word' id='word_1_11' title='bbox 346 1090 492 1162; x_wconf 87' lang='grc' dir='ltr'><strong><em>ταοκτώ.</em></strong></span> 
     </span>
     <span class='ocr_line' id='line_1_4' title="bbox 434 1192 1518 1292; baseline 0.006 -31"><span class='ocrx_word' id='word_1_12' title='bbox 434 1192 788 1285; x_wconf 77' lang='grc' dir='ltr'><strong><em>Παραλληλόγραμμον</em></strong></span> <span class='ocrx_word' id='word_1_13' title='bbox 808 1195 847 1264; x_wconf 93' lang='grc' dir='ltr'><strong><em>τὸ</em></strong></span> <span class='ocrx_word' id='word_1_14' title='bbox 871 1192 951 1265; x_wconf 86' lang='grc' dir='ltr'><strong><em>αότὸ</em></strong></span> <span class='ocrx_word' id='word_1_15' title='bbox 971 1198 1168 1285; x_wconf 78' lang='grc' dir='ltr'><strong><em>τεμνόμενον</em></strong></span> <span class='ocrx_word' id='word_1_16' title='bbox 1189 1195 1237 1279; x_wconf 84' lang='grc' dir='ltr'><strong><em>είς</em></strong></span> <span class='ocrx_word' id='word_1_17' title='bbox 1259 1198 1355 1290; x_wconf 75' lang='grc' dir='ltr'><strong><em>ἕτερα</em></strong></span> <span class='ocrx_word' id='word_1_18' title='bbox 1373 1223 1462 1292; x_wconf 69' lang='grc' dir='ltr'><strong><em>παρ·</em></strong></span> <span class='ocrx_word' id='word_1_19' title='bbox 1476 1207 1518 1269; x_wconf 82' lang='grc'><strong><em>49</em></strong></span> 
     </span>
     <span class='ocr_line' id='line_1_5' title="bbox 348 1294 1461 1388; baseline 0.007 -24"><span class='ocrx_word' id='word_1_20' title='bbox 348 1295 609 1387; x_wconf 88' lang='grc' dir='ltr'><strong><em>αλληλόγραμμα</em></strong></span> <span class='ocrx_word' id='word_1_21' title='bbox 637 1294 834 1388; x_wconf 44' lang='grc' dir='ltr'><strong><em>ὀρθογώνια.</em></strong></span> <span class='ocrx_word' id='word_1_22' title='bbox 857 1294 954 1367; x_wconf 91' lang='grc' dir='ltr'><strong><em>ὀκτώ.</em></strong></span> <span class='ocrx_word' id='word_1_23' title='bbox 1002 1301 1043 1369; x_wconf 93' lang='grc' dir='ltr'><strong><em>τὸ</em></strong></span> <span class='ocrx_word' id='word_1_24' title='bbox 1069 1301 1198 1382; x_wconf 81' lang='grc' dir='ltr'><strong><em>πλάτος</em></strong></span> <span class='ocrx_word' id='word_1_25' title='bbox 1223 1297 1297 1383; x_wconf 70' lang='grc' dir='ltr'><strong><em>ἑνὸς</em></strong></span> <span class='ocrx_word' id='word_1_26' title='bbox 1321 1299 1461 1372; x_wconf 70' lang='grc' dir='ltr'><strong><em>ἑκάστου</em></strong></span> 
     </span>
     <span class='ocr_line' id='line_1_6' title="bbox 309 1395 1462 1495; baseline 0.001 -23"><span class='ocrx_word' id='word_1_27' title='bbox 309 1423 326 1473; x_wconf 80' lang='lat'><strong>5</strong></span> <span class='ocrx_word' id='word_1_28' title='bbox 348 1399 477 1468; x_wconf 81' lang='grc' dir='ltr'><strong><em>τούτων</em></strong></span> <span class='ocrx_word' id='word_1_29' title='bbox 498 1395 652 1483; x_wconf 84' lang='grc' dir='ltr'><strong><em>σχοινίων</em></strong></span> <span class='ocrx_word' id='word_1_30' title='bbox 672 1402 781 1490; x_wconf 80' lang='grc' dir='ltr'><strong><em>τριῶν,</em></strong></span> <span class='ocrx_word' id='word_1_31' title='bbox 801 1401 841 1468; x_wconf 91' lang='grc' dir='ltr'><strong><em>τὸ</em></strong></span> <span class='ocrx_word' id='word_1_32' title='bbox 865 1401 904 1470; x_wconf 78' lang='grc' dir='ltr'><strong><em>δὲ</em></strong></span> <span class='ocrx_word' id='word_1_33' title='bbox 923 1404 1029 1492; x_wconf 81' lang='grc' dir='ltr'><strong><em>μῆκος</em></strong></span> <span class='ocrx_word' id='word_1_34' title='bbox 1043 1404 1195 1487; x_wconf 83' lang='grc' dir='ltr'><strong><em>σχοινίων</em></strong></span> <span class='ocrx_word' id='word_1_35' title='bbox 1208 1404 1384 1495; x_wconf 80' lang='grc' dir='ltr'><strong><em>τεσσάρων.</em></strong></span> <span class='ocrx_word' id='word_1_36' title='bbox 1403 1406 1462 1473; x_wconf 82' lang='grc' dir='ltr'><strong><em>’τά</em></strong></span> 
     </span>
     <span class='ocr_line' id='line_1_7' title="bbox 348 1501 1462 1599; baseline 0.005 -29"><span class='ocrx_word' id='word_1_37' title='bbox 348 1503 381 1590; x_wconf 87' lang='grc' dir='ltr'><strong><em>γ’</em></strong></span> <span class='ocrx_word' id='word_1_38' title='bbox 408 1505 469 1571; x_wconf 81' lang='grc' dir='ltr'><strong><em>τοῦ</em></strong></span> <span class='ocrx_word' id='word_1_39' title='bbox 496 1501 646 1584; x_wconf 81' lang='grc' dir='ltr'><strong><em>πλάτους</em></strong></span> <span class='ocrx_word' id='word_1_40' title='bbox 672 1503 1011 1590; x_wconf 81' lang='grc' dir='ltr'><strong><em>πολυπλασιαζόμενα</em></strong></span> <span class='ocrx_word' id='word_1_41' title='bbox 1040 1505 1100 1574; x_wconf 78' lang='grc' dir='ltr'><strong><em>ἐπὶ</em></strong></span> <span class='ocrx_word' id='word_1_42' title='bbox 1124 1507 1167 1574; x_wconf 83' lang='grc' dir='ltr'><strong><em>τὰ</em></strong></span> <span class='ocrx_word' id='word_1_43' title='bbox 1194 1507 1226 1574; x_wconf 94' lang='grc' dir='ltr'><strong><em>δ’</em></strong></span> <span class='ocrx_word' id='word_1_44' title='bbox 1253 1514 1314 1576; x_wconf 81' lang='grc' dir='ltr'><strong><em>τοῦ</em></strong></span> <span class='ocrx_word' id='word_1_45' title='bbox 1339 1507 1462 1599; x_wconf 83' lang='grc' dir='ltr'><strong><em>μήκους</em></strong></span> 
     </span>
     <span class='ocr_line' id='line_1_8' title="bbox 348 1601 1462 1693; baseline 0.004 -19"><span class='ocrx_word' id='word_1_46' title='bbox 348 1603 499 1692; x_wconf 87' lang='grc' dir='ltr'><strong><em>γίνονται</em></strong></span> <span class='ocrx_word' id='word_1_47' title='bbox 530 1604 590 1691; x_wconf 93' lang='grc' dir='ltr'><strong><em>ιβ’·</em></strong></span> <span class='ocrx_word' id='word_1_48' title='bbox 623 1604 681 1672; x_wconf 85' lang='grc' dir='ltr'><strong><em>καὶ</em></strong></span> <span class='ocrx_word' id='word_1_49' title='bbox 713 1601 788 1674; x_wconf 72' lang='grc' dir='ltr'><strong><em>ἔστι</em></strong></span> <span class='ocrx_word' id='word_1_50' title='bbox 818 1606 858 1672; x_wconf 89' lang='grc' dir='ltr'><strong><em>τὸ</em></strong></span> <span class='ocrx_word' id='word_1_51' title='bbox 888 1605 1036 1693; x_wconf 78' lang='grc' dir='ltr'><strong><em>ἐμβαδὸν</em></strong></span> <span class='ocrx_word' id='word_1_52' title='bbox 1068 1607 1140 1690; x_wconf 77' lang='grc' dir='ltr'><strong><em>ἑνὸς</em></strong></span> <span class='ocrx_word' id='word_1_53' title='bbox 1168 1607 1308 1679; x_wconf 80' lang='grc' dir='ltr'><strong><em>ἑκάστου</em></strong></span> <span class='ocrx_word' id='word_1_54' title='bbox 1337 1610 1462 1680; x_wconf 82' lang='grc' dir='ltr'><strong><em>τούτων</em></strong></span> 
     </span>
     <span class='ocr_line' id='line_1_9' title="bbox 348 1704 1462 1797; baseline 0.003 -19"><span class='ocrx_word' id='word_1_55' title='bbox 348 1709 507 1794; x_wconf 75' lang='grc' dir='ltr'><strong><em>σχοινίον</em></strong></span> <span class='ocrx_word' id='word_1_56' title='bbox 533 1708 585 1795; x_wconf 90' lang='grc' dir='ltr'><strong><em>ιβ’</em></strong></span> <span class='ocrx_word' id='word_1_57' title='bbox 608 1704 684 1797; x_wconf 87' lang='grc' dir='ltr'><strong><em>ἤτοι</em></strong></span> <span class='ocrx_word' id='word_1_58' title='bbox 711 1709 771 1797; x_wconf 82' lang='grc' dir='ltr'><strong><em>γῆς</em></strong></span> <span class='ocrx_word' id='word_1_59' title='bbox 796 1705 924 1793; x_wconf 87' lang='grc' dir='ltr'><strong><em>μοδίων</em></strong></span> <span class='ocrx_word' id='word_1_60' title='bbox 944 1708 986 1792; x_wconf 87' lang='grc' dir='ltr'><strong><em>ς’.</em></strong></span> <span class='ocrx_word' id='word_1_61' title='bbox 1032 1707 1116 1797; x_wconf 83' lang='grc' dir='ltr'><strong><em>ὸμυῦ</em></strong></span> <span class='ocrx_word' id='word_1_62' title='bbox 1137 1713 1196 1779; x_wconf 83' lang='grc' dir='ltr'><strong><em>καί</em></strong></span> <span class='ocrx_word' id='word_1_63' title='bbox 1217 1712 1322 1780; x_wconf 81' lang='grc' dir='ltr'><strong><em>πάλιν</em></strong></span> <span class='ocrx_word' id='word_1_64' title='bbox 1342 1714 1382 1782; x_wconf 93' lang='grc' dir='ltr'><strong><em>τὸ</em></strong></span> <span class='ocrx_word' id='word_1_65' title='bbox 1403 1712 1420 1782; x_wconf 82' lang='grc' dir='ltr'><strong><em>δ</em></strong></span> <span class='ocrx_word' id='word_1_66' title='bbox 1445 1754 1462 1764; x_wconf 93' lang='grc'>-</span> 
     </span>
     <span class='ocr_line' id='line_1_10' title="bbox 347 1807 1463 1905; baseline 0.004 -26"><span class='ocrx_word' id='word_1_67' title='bbox 347 1812 456 1897; x_wconf 91' lang='grc' dir='ltr'><strong><em>βαδὸν</em></strong></span> <span class='ocrx_word' id='word_1_68' title='bbox 477 1812 543 1879; x_wconf 85' lang='grc' dir='ltr'><strong><em>τών</em></strong></span> <span class='ocrx_word' id='word_1_69' title='bbox 565 1807 652 1879; x_wconf 83' lang='grc' dir='ltr'><strong><em>ὀκτώ</em></strong></span> <span class='ocrx_word' id='word_1_70' title='bbox 672 1809 853 1901; x_wconf 81' lang='grc' dir='ltr'><strong><em>τμημάτων</em></strong></span> <span class='ocrx_word' id='word_1_71' title='bbox 874 1810 1027 1894; x_wconf 84' lang='grc' dir='ltr'><strong><em>σχοινίων</em></strong></span> <span class='ocrx_word' id='word_1_72' title='bbox 1052 1811 1276 1904; x_wconf 73' lang='grc' dir='ltr'><strong><em>ὀνενηκονταδξ</em></strong></span> <span class='ocrx_word' id='word_1_73' title='bbox 1301 1810 1377 1904; x_wconf 91' lang='grc' dir='ltr'><strong><em>ἤτοι</em></strong></span> <span class='ocrx_word' id='word_1_74' title='bbox 1403 1816 1463 1905; x_wconf 82' lang='grc' dir='ltr'><strong><em>γῆς</em></strong></span> 
     </span>
     <span class='ocr_line' id='line_1_11' title="bbox 297 1912 568 2004; baseline -0.004 -19"><span class='ocrx_word' id='word_1_75' title='bbox 297 1935 328 1986; x_wconf 75' lang='grc' dir='ltr'><strong><em>ιο</em></strong></span> <span class='ocrx_word' id='word_1_76' title='bbox 348 1913 480 2001; x_wconf 89' lang='grc' dir='ltr'><strong><em>μοδίων</em></strong></span> <span class='ocrx_word' id='word_1_77' title='bbox 499 1912 568 2004; x_wconf 87' lang='grc' dir='ltr'><strong><em>μη’.</em></strong></span> 
     </span>
     <span class='ocr_line' id='line_1_12' title="bbox 434 2011 1516 2109; baseline 0.006 -26"><span class='ocrx_word' id='word_1_78' title='bbox 434 2014 785 2107; x_wconf 78' lang='grc' dir='ltr'><strong><em>Παραλληλόγραμμον</em></strong></span> <span class='ocrx_word' id='word_1_79' title='bbox 814 2015 854 2083; x_wconf 92' lang='grc' dir='ltr'><strong><em>τὸ</em></strong></span> <span class='ocrx_word' id='word_1_80' title='bbox 889 2011 970 2084; x_wconf 88' lang='grc' dir='ltr'><strong><em>αότὸ</em></strong></span> <span class='ocrx_word' id='word_1_81' title='bbox 1001 2017 1196 2104; x_wconf 77' lang='grc' dir='ltr'><strong><em>τεμνόμενον</em></strong></span> <span class='ocrx_word' id='word_1_82' title='bbox 1229 2016 1277 2100; x_wconf 85' lang='grc' dir='ltr'><strong><em>είς</em></strong></span> <span class='ocrx_word' id='word_1_83' title='bbox 1305 2017 1461 2109; x_wconf 90' lang='grc' dir='ltr'><strong><em>τρίγωνον</em></strong></span> <span class='ocrx_word' id='word_1_84' title='bbox 1476 2027 1516 2090; x_wconf 88' lang='grc'><strong><em>50</em></strong></span> 
     </span>
     <span class='ocr_line' id='line_1_13' title="bbox 349 2115 1461 2212; baseline 0.002 -24"><span class='ocrx_word' id='word_1_85' title='bbox 349 2117 521 2199; x_wconf 60' lang='grc' dir='ltr'><strong><em>ἰσοσκελὲς</em></strong></span> <span class='ocrx_word' id='word_1_86' title='bbox 543 2115 720 2206; x_wconf 78' lang='grc' dir='ltr'><strong><em>ὀξυγώνιον</em></strong></span> <span class='ocrx_word' id='word_1_87' title='bbox 745 2119 803 2187; x_wconf 83' lang='grc' dir='ltr'><strong><em>καί</em></strong></span> <span class='ocrx_word' id='word_1_88' title='bbox 825 2115 873 2199; x_wconf 81' lang='grc' dir='ltr'><strong><em>είς</em></strong></span> <span class='ocrx_word' id='word_1_89' title='bbox 895 2116 990 2207; x_wconf 70' lang='grc' dir='ltr'><strong><em>ἕτερα</em></strong></span> <span class='ocrx_word' id='word_1_90' title='bbox 1013 2119 1072 2187; x_wconf 86' lang='grc' dir='ltr'><strong><em>δόο</em></strong></span> <span class='ocrx_word' id='word_1_91' title='bbox 1095 2117 1285 2209; x_wconf 73' lang='grc' dir='ltr'><strong><em>ὀρθογώνια</em></strong></span> <span class='ocrx_word' id='word_1_92' title='bbox 1307 2122 1461 2212; x_wconf 92' lang='grc' dir='ltr'><strong><em>σκαληνά.</em></strong></span> 
     </span>
     <span class='ocr_line' id='line_1_14' title="bbox 347 2217 1460 2313; baseline 0.002 -23"><span class='ocrx_word' id='word_1_93' title='bbox 347 2221 368 2313; x_wconf 81' lang='grc' dir='ltr'><strong><em>ἤ</em></strong></span> <span class='ocrx_word' id='word_1_94' title='bbox 398 2221 501 2310; x_wconf 80' lang='grc' dir='ltr'><strong><em>βάσις</em></strong></span> <span class='ocrx_word' id='word_1_95' title='bbox 526 2228 585 2292; x_wconf 81' lang='grc' dir='ltr'><strong><em>τοῦ</em></strong></span> <span class='ocrx_word' id='word_1_96' title='bbox 613 2218 800 2302; x_wconf 83' lang='grc' dir='ltr'><strong><em>ὀσοσκελοῦς</em></strong></span> <span class='ocrx_word' id='word_1_97' title='bbox 826 2217 1004 2308; x_wconf 82' lang='grc' dir='ltr'><strong><em>ὀξυγωνίου</em></strong></span> <span class='ocrx_word' id='word_1_98' title='bbox 1031 2221 1191 2310; x_wconf 91' lang='grc' dir='ltr'><strong><em>τριγώνου</em></strong></span> <span class='ocrx_word' id='word_1_99' title='bbox 1219 2222 1373 2306; x_wconf 85' lang='grc' dir='ltr'><strong><em>σχοινίων</em></strong></span> <span class='ocrx_word' id='word_1_100' title='bbox 1400 2225 1460 2310; x_wconf 93' lang='grc' dir='ltr'><strong><em>ιβ’,</em></strong></span> 
     </span>
     <span class='ocr_line' id='line_1_15' title="bbox 347 2319 1462 2416; baseline 0.001 -23"><span class='ocrx_word' id='word_1_101' title='bbox 347 2323 473 2414; x_wconf 72' lang='grc' dir='ltr'><strong><em>ἑκάστη</em></strong></span> <span class='ocrx_word' id='word_1_102' title='bbox 507 2324 547 2392; x_wconf 74' lang='grc' dir='ltr'><strong><em>δὲ</em></strong></span> <span class='ocrx_word' id='word_1_103' title='bbox 578 2326 644 2392; x_wconf 82' lang='grc' dir='ltr'><strong><em>τῶν</em></strong></span> <span class='ocrx_word' id='word_1_104' title='bbox 674 2319 758 2392; x_wconf 75' lang='grc' dir='ltr'><strong><em>ἰ’σων</em></strong></span> <span class='ocrx_word' id='word_1_105' title='bbox 784 2325 934 2414; x_wconf 81' lang='grc' dir='ltr'><strong><em>πλευρῶν</em></strong></span> <span class='ocrx_word' id='word_1_106' title='bbox 960 2321 1116 2408; x_wconf 92' lang='grc' dir='ltr'><strong><em>σχοινίων</em></strong></span> <span class='ocrx_word' id='word_1_107' title='bbox 1142 2326 1231 2394; x_wconf 81' lang='grc' dir='ltr'><strong><em>δέκα.</em></strong></span> <span class='ocrx_word' id='word_1_108' title='bbox 1276 2322 1379 2414; x_wconf 79' lang='grc' dir='ltr'><strong><em>εὑρεῖν</em></strong></span> <span class='ocrx_word' id='word_1_109' title='bbox 1403 2327 1462 2416; x_wconf 80' lang='grc' dir='ltr'><strong><em>τῆν</em></strong></span> 
     </span>
     <span class='ocr_line' id='line_1_16' title="bbox 298 2423 1459 2520; baseline 0.003 -25"><span class='ocrx_word' id='word_1_110' title='bbox 298 2445 328 2496; x_wconf 81' lang='lat'><strong><em>15</em></strong></span> <span class='ocrx_word' id='word_1_111' title='bbox 348 2427 512 2496; x_wconf 89' lang='grc' dir='ltr'><strong><em>κάθετον·</em></strong></span> <span class='ocrx_word' id='word_1_112' title='bbox 534 2423 811 2496; x_wconf 79' lang='grc' dir='ltr'><strong><em>πολυπλασίασον</em></strong></span> <span class='ocrx_word' id='word_1_113' title='bbox 830 2428 888 2517; x_wconf 78' lang='grc' dir='ltr'><strong><em>τῆν</em></strong></span> <span class='ocrx_word' id='word_1_114' title='bbox 908 2427 989 2514; x_wconf 88' lang='grc' dir='ltr'><strong><em>μίαν</em></strong></span> <span class='ocrx_word' id='word_1_115' title='bbox 1009 2428 1075 2495; x_wconf 85' lang='grc' dir='ltr'><strong><em>τών</em></strong></span> <span class='ocrx_word' id='word_1_116' title='bbox 1096 2429 1244 2518; x_wconf 78' lang='grc' dir='ltr'><strong><em>πλευρῶν</em></strong></span> <span class='ocrx_word' id='word_1_117' title='bbox 1258 2425 1315 2520; x_wconf 76' lang='grc' dir='ltr'><strong><em>ἐφ’</em></strong></span> <span class='ocrx_word' id='word_1_118' title='bbox 1329 2427 1459 2519; x_wconf 75' lang='grc' dir='ltr'><strong><em>ἑαυτήν·</em></strong></span> 
     </span>
     <span class='ocr_line' id='line_1_17' title="bbox 348 2525 1460 2622; baseline 0.002 -23"><span class='ocrx_word' id='word_1_119' title='bbox 348 2529 498 2618; x_wconf 91' lang='grc' dir='ltr'><strong><em>γίνονται</em></strong></span> <span class='ocrx_word' id='word_1_120' title='bbox 518 2529 560 2618; x_wconf 89' lang='grc' dir='ltr'><strong><em>ρ’·</em></strong></span> <span class='ocrx_word' id='word_1_121' title='bbox 581 2530 640 2598; x_wconf 80' lang='grc' dir='ltr'><strong><em>καί</em></strong></span> <span class='ocrx_word' id='word_1_122' title='bbox 661 2530 702 2598; x_wconf 93' lang='grc' dir='ltr'><strong><em>τὸ</em></strong></span> <span class='ocrx_word' id='word_1_123' title='bbox 721 2527 823 2620; x_wconf 87' lang='grc' dir='ltr'><strong><em>ἤμισυ</em></strong></span> <span class='ocrx_word' id='word_1_124' title='bbox 844 2530 903 2619; x_wconf 79' lang='grc' dir='ltr'><strong><em>τῆς</em></strong></span> <span class='ocrx_word' id='word_1_125' title='bbox 923 2528 1054 2617; x_wconf 86' lang='grc' dir='ltr'><strong><em>βάσεως</em></strong></span> <span class='ocrx_word' id='word_1_126' title='bbox 1068 2525 1168 2620; x_wconf 90' lang='grc' dir='ltr'><strong><em>ἤγουν</em></strong></span> <span class='ocrx_word' id='word_1_127' title='bbox 1185 2527 1228 2598; x_wconf 85' lang='grc' dir='ltr'><strong><em>τά</em></strong></span> <span class='ocrx_word' id='word_1_128' title='bbox 1241 2531 1273 2612; x_wconf 88' lang='grc' dir='ltr'><strong><em>ς’</em></strong></span> <span class='ocrx_word' id='word_1_129' title='bbox 1288 2529 1345 2622; x_wconf 78' lang='grc' dir='ltr'><strong><em>ἐφ’</em></strong></span> <span class='ocrx_word' id='word_1_130' title='bbox 1359 2529 1460 2600; x_wconf 76' lang='grc' dir='ltr'><strong><em>ἑαυτὸ</em></strong></span> 
     </span>
     <span class='ocr_line' id='line_1_18' title="bbox 348 2624 1461 2722; baseline 0.002 -21"><span class='ocrx_word' id='word_1_131' title='bbox 348 2629 498 2721; x_wconf 84' lang='grc' dir='ltr'><strong><em>γίνονται</em></strong></span> <span class='ocrx_word' id='word_1_132' title='bbox 530 2630 592 2714; x_wconf 88' lang='grc' dir='ltr'><strong><em>λς’·</em></strong></span> <span class='ocrx_word' id='word_1_133' title='bbox 624 2633 728 2700; x_wconf 78' lang='grc' dir='ltr'><strong><em>ταῦτα</em></strong></span> <span class='ocrx_word' id='word_1_134' title='bbox 761 2628 900 2722; x_wconf 84' lang='grc' dir='ltr'><strong><em>άφαίρει</em></strong></span> <span class='ocrx_word' id='word_1_135' title='bbox 928 2629 999 2701; x_wconf 81' lang='grc' dir='ltr'><strong><em>ὀιτὸ</em></strong></span> <span class='ocrx_word' id='word_1_136' title='bbox 1024 2635 1088 2701; x_wconf 81' lang='grc' dir='ltr'><strong><em>τῶν</em></strong></span> <span class='ocrx_word' id='word_1_137' title='bbox 1114 2632 1156 2722; x_wconf 91' lang='grc' dir='ltr'><strong><em>ρ’·</em></strong></span> <span class='ocrx_word' id='word_1_138' title='bbox 1188 2634 1292 2702; x_wconf 80' lang='grc' dir='ltr'><strong><em>λοιπά</em></strong></span> <span class='ocrx_word' id='word_1_139' title='bbox 1319 2634 1382 2717; x_wconf 87' lang='grc' dir='ltr'><strong><em>ξδ’·</em></strong></span> <span class='ocrx_word' id='word_1_140' title='bbox 1416 2624 1461 2703; x_wconf 83' lang='grc' dir='ltr'><strong><em>ὦν</em></strong></span> 
     </span>
     <span class='ocr_line' id='line_1_19' title="bbox 348 2730 1499 2825; baseline 0.001 -24"><span class='ocrx_word' id='word_1_141' title='bbox 348 2735 478 2825; x_wconf 80' lang='grc' dir='ltr'><strong><em>πλευραὶ</em></strong></span> <span class='ocrx_word' id='word_1_142' title='bbox 499 2733 718 2823; x_wconf 82' lang='grc' dir='ltr'><strong><em>τιτραγωνικῆ</em></strong></span> <span class='ocrx_word' id='word_1_143' title='bbox 741 2732 784 2824; x_wconf 90' lang='grc' dir='ltr'><strong><em>η’·</em></strong></span> <span class='ocrx_word' id='word_1_144' title='bbox 806 2732 970 2802; x_wconf 85' lang='grc' dir='ltr'><strong><em>τοσούτων</em></strong></span> <span class='ocrx_word' id='word_1_145' title='bbox 991 2734 1143 2818; x_wconf 90' lang='grc' dir='ltr'><strong><em>σχοινίων</em></strong></span> <span class='ocrx_word' id='word_1_146' title='bbox 1163 2733 1352 2824; x_wconf 85' lang='grc' dir='ltr'><strong><em>ἤκάθετος.</em></strong></span> <span class='ocrx_word' id='word_1_147' title='bbox 1386 2730 1460 2806; x_wconf 79' lang='grc' dir='ltr'><strong><em>εἶτα</em></strong></span> <span class='ocrx_word' id='word_1_148' title='bbox 1486 2764 1499 2802; x_wconf 78' lang='grc' dir='ltr'><strong><em>ι</em></strong></span> 
     </span>
     <span class='ocr_line' id='line_1_20' title="bbox 347 2834 1460 2926; baseline 0.004 -22"><span class='ocrx_word' id='word_1_149' title='bbox 347 2837 434 2922; x_wconf 91' lang='grc' dir='ltr'><strong><em>λάβε</em></strong></span> <span class='ocrx_word' id='word_1_150' title='bbox 458 2839 499 2904; x_wconf 85' lang='grc' dir='ltr'><strong><em>τὸ</em></strong></span> <span class='ocrx_word' id='word_1_151' title='bbox 525 2835 627 2926; x_wconf 89' lang='grc' dir='ltr'><strong><em>ἤμισυ</em></strong></span> <span class='ocrx_word' id='word_1_152' title='bbox 654 2837 713 2924; x_wconf 78' lang='grc' dir='ltr'><strong><em>τῆς</em></strong></span> <span class='ocrx_word' id='word_1_153' title='bbox 737 2834 881 2921; x_wconf 83' lang='grc' dir='ltr'><strong><em>βάσεως·</em></strong></span> <span class='ocrx_word' id='word_1_154' title='bbox 913 2835 1059 2923; x_wconf 91' lang='grc' dir='ltr'><strong><em>γίνονται</em></strong></span> <span class='ocrx_word' id='word_1_155' title='bbox 1081 2837 1124 2920; x_wconf 87' lang='grc' dir='ltr'><strong><em>ς’·</em></strong></span> <span class='ocrx_word' id='word_1_156' title='bbox 1155 2839 1259 2906; x_wconf 75' lang='grc' dir='ltr'><strong><em>ταῦτα</em></strong></span> <span class='ocrx_word' id='word_1_157' title='bbox 1284 2840 1460 2908; x_wconf 81' lang='grc' dir='ltr'><strong><em>πολυπλα-</em></strong></span> 
     </span>
     <span class='ocr_line' id='line_1_21' title="bbox 293 2933 1460 3030; baseline 0.003 -22"><span class='ocrx_word' id='word_1_158' title='bbox 293 2956 328 3008; x_wconf 83' lang='lat'><strong><em>20</em></strong></span> <span class='ocrx_word' id='word_1_159' title='bbox 349 2936 471 3009; x_wconf 91' lang='grc' dir='ltr'><strong><em>σίασον</em></strong></span> <span class='ocrx_word' id='word_1_160' title='bbox 496 2937 555 3006; x_wconf 79' lang='grc' dir='ltr'><strong><em>ἐπὶ</em></strong></span> <span class='ocrx_word' id='word_1_161' title='bbox 580 2938 639 3026; x_wconf 82' lang='grc' dir='ltr'><strong><em>τῆν</em></strong></span> <span class='ocrx_word' id='word_1_162' title='bbox 665 2935 810 3006; x_wconf 75' lang='grc' dir='ltr'><strong><em>κάθετον</em></strong></span> <span class='ocrx_word' id='word_1_163' title='bbox 830 2933 928 3027; x_wconf 89' lang='grc' dir='ltr'><strong><em>ἤγουν</em></strong></span> <span class='ocrx_word' id='word_1_164' title='bbox 947 2940 992 3006; x_wconf 81' lang='grc' dir='ltr'><strong><em>τὸ</em></strong></span> <span class='ocrx_word' id='word_1_165' title='bbox 1013 2939 1059 3028; x_wconf 90' lang='grc' dir='ltr'><strong><em>η’·</em></strong></span> <span class='ocrx_word' id='word_1_166' title='bbox 1081 2940 1228 3027; x_wconf 90' lang='grc' dir='ltr'><strong><em>γίνονται</em></strong></span> <span class='ocrx_word' id='word_1_167' title='bbox 1252 2940 1320 3030; x_wconf 86' lang='grc' dir='ltr'><strong><em>μη’·</em></strong></span> <span class='ocrx_word' id='word_1_168' title='bbox 1342 2941 1460 3010; x_wconf 82' lang='grc' dir='ltr'><strong><em>τοσού-</em></strong></span> 
     </span>
     <span class='ocr_line' id='line_1_22' title="bbox 347 3036 1459 3131; baseline 0 -21"><span class='ocrx_word' id='word_1_169' title='bbox 347 3067 417 3110; x_wconf 91' lang='grc' dir='ltr'><strong><em>των</em></strong></span> <span class='ocrx_word' id='word_1_170' title='bbox 443 3039 597 3126; x_wconf 77' lang='grc' dir='ltr'><strong><em>σχοινίον</em></strong></span> <span class='ocrx_word' id='word_1_171' title='bbox 623 3039 663 3109; x_wconf 93' lang='grc' dir='ltr'><strong><em>τὸ</em></strong></span> <span class='ocrx_word' id='word_1_172' title='bbox 683 3036 831 3127; x_wconf 72' lang='grc' dir='ltr'><strong><em>ἐμβαδὸν</em></strong></span> <span class='ocrx_word' id='word_1_173' title='bbox 851 3041 910 3108; x_wconf 77' lang='grc' dir='ltr'><strong><em>τοῦ</em></strong></span> <span class='ocrx_word' id='word_1_174' title='bbox 931 3036 1121 3122; x_wconf 81' lang='grc' dir='ltr'><strong><em>ίσοσκελοῦς</em></strong></span> <span class='ocrx_word' id='word_1_175' title='bbox 1142 3038 1319 3127; x_wconf 83' lang='grc' dir='ltr'><strong><em>όξυγωνίου</em></strong></span> <span class='ocrx_word' id='word_1_176' title='bbox 1340 3041 1459 3131; x_wconf 89' lang='grc' dir='ltr'><strong><em>τριγώ-</em></strong></span> 
     </span>
     <span class='ocr_line' id='line_1_23' title="bbox 347 3136 1459 3233; baseline 0.002 -21"><span class='ocrx_word' id='word_1_177' title='bbox 347 3169 424 3213; x_wconf 91' lang='grc' dir='ltr'><strong><em>νου·</em></strong></span> <span class='ocrx_word' id='word_1_178' title='bbox 458 3136 504 3211; x_wconf 81' lang='grc' dir='ltr'><strong><em>ὦν</em></strong></span> <span class='ocrx_word' id='word_1_179' title='bbox 531 3141 634 3232; x_wconf 88' lang='grc' dir='ltr'><strong><em>ἤμισυ</em></strong></span> <span class='ocrx_word' id='word_1_180' title='bbox 662 3141 789 3229; x_wconf 86' lang='grc' dir='ltr'><strong><em>γίνεται</em></strong></span> <span class='ocrx_word' id='word_1_181' title='bbox 815 3139 883 3225; x_wconf 87' lang='grc' dir='ltr'><strong><em>κδ’,</em></strong></span> <span class='ocrx_word' id='word_1_182' title='bbox 915 3143 974 3209; x_wconf 82' lang='grc' dir='ltr'><strong><em>καὶ</em></strong></span> <span class='ocrx_word' id='word_1_183' title='bbox 1000 3138 1073 3211; x_wconf 72' lang='grc' dir='ltr'><strong><em>ἔστι</em></strong></span> <span class='ocrx_word' id='word_1_184' title='bbox 1098 3143 1157 3233; x_wconf 79' lang='grc' dir='ltr'><strong><em>γῆς</em></strong></span> <span class='ocrx_word' id='word_1_185' title='bbox 1181 3141 1309 3228; x_wconf 90' lang='grc' dir='ltr'><strong><em>μοδίων</em></strong></span> <span class='ocrx_word' id='word_1_186' title='bbox 1329 3141 1459 3214; x_wconf 86' lang='grc' dir='ltr'><strong><em>ἐίκοσι-</em></strong></span> 
     </span>
     <span class='ocr_line' id='line_1_24' title="bbox 345 3245 1279 3342; baseline 0.001 -28"><span class='ocrx_word' id='word_1_187' title='bbox 345 3245 527 3335; x_wconf 87' lang='grc' dir='ltr'><strong><em>τεσσάρων.</em></strong></span> <span class='ocrx_word' id='word_1_188' title='bbox 1033 3267 1037 3273; x_wconf 86' lang='grc'><strong><em>’</em></strong></span> <span class='ocrx_word' id='word_1_189' title='bbox 1274 3331 1279 3342; x_wconf 29' lang='lat'>¹</span> 
     </span>
     <span class='ocr_line' id='line_1_25' title="bbox 432 3344 1498 3438; baseline 0.003 -24"><span class='ocrx_word' id='word_1_190' title='bbox 432 3344 481 3414; x_wconf 83' lang='lat' dir='ltr'><strong><em>‘H</em></strong></span> <span class='ocrx_word' id='word_1_191' title='bbox 497 3347 625 3438; x_wconf 73' lang='grc' dir='ltr'><strong><em>κορυφὴ</em></strong></span> <span class='ocrx_word' id='word_1_192' title='bbox 648 3345 722 3429; x_wconf 79' lang='grc' dir='ltr'><strong><em>ἑνὸς</em></strong></span> <span class='ocrx_word' id='word_1_193' title='bbox 742 3344 882 3416; x_wconf 77' lang='grc' dir='ltr'><strong><em>ἑκάστου</em></strong></span> <span class='ocrx_word' id='word_1_194' title='bbox 905 3344 1113 3435; x_wconf 82' lang='grc' dir='ltr'><strong><em>ὀρθογωνίου</em></strong></span> <span class='ocrx_word' id='word_1_195' title='bbox 1129 3347 1290 3436; x_wconf 78' lang='grc' dir='ltr'><strong><em>τριγώνου</em></strong></span> <span class='ocrx_word' id='word_1_196' title='bbox 1305 3347 1460 3433; x_wconf 88' lang='grc' dir='ltr'><strong><em>σχοινίων</em></strong></span> <span class='ocrx_word' id='word_1_197' title='bbox 1485 3379 1498 3418; x_wconf 81' lang='grc' dir='ltr'><strong><em>ε</em></strong></span> 
     </span>
     <span class='ocr_line' id='line_1_26' title="bbox 293 3446 1460 3540; baseline 0.003 -22"><span class='ocrx_word' id='word_1_198' title='bbox 293 3468 328 3518; x_wconf 83' lang='lat'><strong><em>25</em></strong></span> <span class='ocrx_word' id='word_1_199' title='bbox 349 3449 393 3534; x_wconf 88' lang='grc' dir='ltr'><strong><em>ς’,</em></strong></span> <span class='ocrx_word' id='word_1_200' title='bbox 427 3448 447 3540; x_wconf 84' lang='grc' dir='ltr'><strong><em>ἤ</em></strong></span> <span class='ocrx_word' id='word_1_201' title='bbox 482 3450 520 3520; x_wconf 76' lang='grc' dir='ltr'><strong><em>δὲ</em></strong></span> <span class='ocrx_word' id='word_1_202' title='bbox 551 3450 638 3539; x_wconf 80' lang='grc' dir='ltr'><strong><em>πρὸς</em></strong></span> <span class='ocrx_word' id='word_1_203' title='bbox 670 3446 778 3538; x_wconf 84' lang='grc' dir='ltr'><strong><em>ὀρθάς</em></strong></span> <span class='ocrx_word' id='word_1_204' title='bbox 810 3446 965 3534; x_wconf 86' lang='grc' dir='ltr'><strong><em>σχοινίων</em></strong></span> <span class='ocrx_word' id='word_1_205' title='bbox 993 3446 1096 3532; x_wconf 85' lang='grc' dir='ltr'><strong><em>ὀκτώ,</em></strong></span> <span class='ocrx_word' id='word_1_206' title='bbox 1124 3450 1144 3540; x_wconf 78' lang='grc' dir='ltr'><em>ἦ</em></span> <span class='ocrx_word' id='word_1_207' title='bbox 1176 3450 1214 3520; x_wconf 80' lang='grc' dir='ltr'><strong><em>δδ</em></strong></span> <span class='ocrx_word' id='word_1_208' title='bbox 1241 3447 1460 3521; x_wconf 83' lang='grc' dir='ltr'><strong><em>ὸτιοτείναασα</em></strong></span> 
     </span>
     <span class='ocr_line' id='line_1_27' title="bbox 349 3549 1460 3644; baseline 0.001 -22"><span class='ocrx_word' id='word_1_209' title='bbox 349 3551 504 3638; x_wconf 90' lang='grc' dir='ltr'><strong><em>σχοινίων</em></strong></span> <span class='ocrx_word' id='word_1_210' title='bbox 536 3551 576 3620; x_wconf 84' lang='grc' dir='ltr'><strong><em>τ’.</em></strong></span> <span class='ocrx_word' id='word_1_211' title='bbox 616 3553 656 3620; x_wconf 91' lang='grc' dir='ltr'><strong><em>τὸ</em></strong></span> <span class='ocrx_word' id='word_1_212' title='bbox 690 3550 793 3642; x_wconf 86' lang='grc' dir='ltr'><strong><em>ἤμισυ</em></strong></span> <span class='ocrx_word' id='word_1_213' title='bbox 825 3560 885 3642; x_wconf 80' lang='grc' dir='ltr'><strong><em>τῆς</em></strong></span> <span class='ocrx_word' id='word_1_214' title='bbox 909 3553 1057 3644; x_wconf 75' lang='grc' dir='ltr'><strong><em>κορυφῆς</em></strong></span> <span class='ocrx_word' id='word_1_215' title='bbox 1082 3549 1155 3634; x_wconf 76' lang='grc' dir='ltr'><strong><em>ἑνὸς</em></strong></span> <span class='ocrx_word' id='word_1_216' title='bbox 1187 3551 1326 3623; x_wconf 77' lang='grc' dir='ltr'><strong><em>ἑκάστου</em></strong></span> <span class='ocrx_word' id='word_1_217' title='bbox 1353 3551 1460 3623; x_wconf 88' lang='grc' dir='ltr'><strong><em>αότών</em></strong></span> 
     </span>
     <span class='ocr_line' id='line_1_28' title="bbox 348 3652 1460 3750; baseline 0.002 -26"><span class='ocrx_word' id='word_1_218' title='bbox 348 3652 451 3746; x_wconf 85' lang='grc' dir='ltr'><strong><em>ἤγουν</em></strong></span> <span class='ocrx_word' id='word_1_219' title='bbox 477 3655 519 3722; x_wconf 84' lang='grc' dir='ltr'><strong><em>τὰ</em></strong></span> <span class='ocrx_word' id='word_1_220' title='bbox 540 3655 573 3742; x_wconf 90' lang='grc' dir='ltr'><strong><em>γ’</em></strong></span> <span class='ocrx_word' id='word_1_221' title='bbox 599 3654 938 3742; x_wconf 82' lang='grc' dir='ltr'><strong><em>πολυπλασιαζόμενα</em></strong></span> <span class='ocrx_word' id='word_1_222' title='bbox 963 3653 1024 3723; x_wconf 74' lang='grc' dir='ltr'><strong><em>ἐστὶ</em></strong></span> <span class='ocrx_word' id='word_1_223' title='bbox 1044 3657 1086 3723; x_wconf 83' lang='grc' dir='ltr'><strong><em>τὸ</em></strong></span> <span class='ocrx_word' id='word_1_224' title='bbox 1108 3653 1194 3724; x_wconf 87' lang='grc' dir='ltr'><strong><em>ὀκτώ</em></strong></span> <span class='ocrx_word' id='word_1_225' title='bbox 1216 3664 1275 3748; x_wconf 79' lang='grc' dir='ltr'><strong><em>τῆς</em></strong></span> <span class='ocrx_word' id='word_1_226' title='bbox 1296 3659 1383 3746; x_wconf 77' lang='grc' dir='ltr'><strong><em>πρὸς</em></strong></span> <span class='ocrx_word' id='word_1_227' title='bbox 1403 3655 1460 3750; x_wconf 88' lang='grc' dir='ltr'><strong><em>ὀρ-</em></strong></span> 
     </span>
     <span class='ocr_line' id='line_1_29' title="bbox 335 3748 1460 3848; baseline 0.002 -20"><span class='ocrx_word' id='word_1_228' title='bbox 335 3748 421 3837; x_wconf 67' lang='grc' dir='ltr'><strong><em>’θὸς</em></strong></span> <span class='ocrx_word' id='word_1_229' title='bbox 442 3755 588 3845; x_wconf 83' lang='grc' dir='ltr'><strong><em>γίνονται</em></strong></span> <span class='ocrx_word' id='word_1_230' title='bbox 609 3756 673 3825; x_wconf 91' lang='grc' dir='ltr'><strong><em>κδ’·</em></strong></span> <span class='ocrx_word' id='word_1_231' title='bbox 695 3757 754 3824; x_wconf 82' lang='grc' dir='ltr'><strong><em>καὶ</em></strong></span> <span class='ocrx_word' id='word_1_232' title='bbox 775 3753 865 3826; x_wconf 73' lang='grc' dir='ltr'><strong><em>ἔστιν</em></strong></span> <span class='ocrx_word' id='word_1_233' title='bbox 887 3753 958 3838; x_wconf 75' lang='grc' dir='ltr'><strong><em>ἑνὸς</em></strong></span> <span class='ocrx_word' id='word_1_234' title='bbox 978 3755 1117 3828; x_wconf 76' lang='grc' dir='ltr'><strong><em>ἑκάστου</em></strong></span> <span class='ocrx_word' id='word_1_235' title='bbox 1138 3760 1178 3828; x_wconf 95' lang='grc' dir='ltr'><strong><em>τὸ</em></strong></span> <span class='ocrx_word' id='word_1_236' title='bbox 1199 3756 1344 3848; x_wconf 75' lang='grc' dir='ltr'><strong><em>ἐμβαδὸν</em></strong></span> <span class='ocrx_word' id='word_1_237' title='bbox 1365 3782 1460 3843; x_wconf 91' lang='grc' dir='ltr'><strong><em>σχοι-</em></strong></span> 
     </span>
     <span class='ocr_line' id='line_1_30' title="bbox 351 3854 1498 3949; baseline 0.002 -21"><span class='ocrx_word' id='word_1_238' title='bbox 351 3858 430 3929; x_wconf 90' lang='grc' dir='ltr'><strong><em>νίων</em></strong></span> <span class='ocrx_word' id='word_1_239' title='bbox 450 3857 506 3926; x_wconf 92' lang='grc' dir='ltr'><strong><em>κδ’</em></strong></span> <span class='ocrx_word' id='word_1_240' title='bbox 526 3854 604 3949; x_wconf 89' lang='grc' dir='ltr'><strong><em>ἤτοι</em></strong></span> <span class='ocrx_word' id='word_1_241' title='bbox 624 3866 684 3949; x_wconf 80' lang='grc' dir='ltr'><strong><em>γῆς</em></strong></span> <span class='ocrx_word' id='word_1_242' title='bbox 704 3858 834 3946; x_wconf 91' lang='grc' dir='ltr'><strong><em>μοδίων</em></strong></span> <span class='ocrx_word' id='word_1_243' title='bbox 856 3858 994 3929; x_wconf 89' lang='grc' dir='ltr'><strong><em>δώδεκα.</em></strong></span> <span class='ocrx_word' id='word_1_244' title='bbox 1039 3859 1124 3946; x_wconf 82' lang='grc' dir='ltr'><strong><em>ὸμοῦ</em></strong></span> <span class='ocrx_word' id='word_1_245' title='bbox 1144 3863 1202 3929; x_wconf 86' lang='grc' dir='ltr'><strong><em>καὶ</em></strong></span> <span class='ocrx_word' id='word_1_246' title='bbox 1223 3862 1327 3930; x_wconf 80' lang='grc' dir='ltr'><strong><em>πάλιν</em></strong></span> <span class='ocrx_word' id='word_1_247' title='bbox 1346 3862 1386 3930; x_wconf 90' lang='grc' dir='ltr'><strong><em>τὸ</em></strong></span> <span class='ocrx_word' id='word_1_248' title='bbox 1399 3861 1458 3947; x_wconf 81' lang='grc' dir='ltr'><strong><em>ίμ-</em></strong></span> <span class='ocrx_word' id='word_1_249' title='bbox 1485 3879 1498 3919; x_wconf 78' lang='lat'><strong>⁴</strong></span> 
     </span>
     <span class='ocr_line' id='line_1_31' title="bbox 295 3958 1459 4052; baseline 0.003 -23"><span class='ocrx_word' id='word_1_250' title='bbox 295 3978 329 4029; x_wconf 79' lang='lat'><strong><em>30</em></strong></span> <span class='ocrx_word' id='word_1_251' title='bbox 350 3961 459 4049; x_wconf 90' lang='grc' dir='ltr'><strong><em>βαδὸν</em></strong></span> <span class='ocrx_word' id='word_1_252' title='bbox 479 3967 545 4028; x_wconf 86' lang='grc' dir='ltr'><strong><em>τών</em></strong></span> <span class='ocrx_word' id='word_1_253' title='bbox 564 3968 665 4049; x_wconf 86' lang='grc' dir='ltr'><strong><em>τριών</em></strong></span> <span class='ocrx_word' id='word_1_254' title='bbox 685 3960 863 4052; x_wconf 88' lang='grc' dir='ltr'><strong><em>τμημάτων</em></strong></span> <span class='ocrx_word' id='word_1_255' title='bbox 883 3958 983 4052; x_wconf 91' lang='grc' dir='ltr'><strong><em>ἤγουν</em></strong></span> <span class='ocrx_word' id='word_1_256' title='bbox 1003 3964 1063 4031; x_wconf 81' lang='grc' dir='ltr'><strong><em>τοῦ</em></strong></span> <span class='ocrx_word' id='word_1_257' title='bbox 1084 3961 1157 4044; x_wconf 74' lang='grc' dir='ltr'><strong><em>ἑνὸς</em></strong></span> <span class='ocrx_word' id='word_1_258' title='bbox 1178 3959 1370 4044; x_wconf 83' lang='grc' dir='ltr'><strong><em>ἰσοσκελοῢς</em></strong></span> <span class='ocrx_word' id='word_1_259' title='bbox 1384 3960 1459 4046; x_wconf 79' lang='grc' dir='ltr'><strong><em>ὀξυ·</em></strong></span> 
     </span>
    </p>
   </div>
   <div class='ocr_carea' id='block_1_3' title="bbox 348 4188 1459 4742">
    <p class='ocr_par' dir='ltr' id='par_1_3' title="bbox 419 4188 832 4255">
     <span class='ocr_line' id='line_1_32' title="bbox 419 4188 832 4255; baseline -0.007 -13"><span class='ocrx_word' id='word_1_260' title='bbox 419 4189 482 4242; x_wconf 74' lang='grc' dir='ltr'><strong><em>σοι.</em></strong></span> <span class='ocrx_word' id='word_1_261' title='bbox 494 4188 526 4255; x_wconf 78' lang='grc' dir='ltr'><strong><em>Α,</em></strong></span> <span class='ocrx_word' id='word_1_262' title='bbox 538 4188 560 4239; x_wconf 82' lang='grc' dir='ltr'><strong><em>ο</em></strong></span> <span class='ocrx_word' id='word_1_263' title='bbox 572 4188 625 4239; x_wconf 69' lang='grc' dir='ltr'><strong><em>ιω.</em></strong></span> <span class='ocrx_word' id='word_1_264' title='bbox 638 4202 677 4239; x_wconf 73' lang='lat' dir='ltr'><strong><em>vs.</em></strong></span> <span class='ocrx_word' id='word_1_265' title='bbox 691 4188 716 4252; x_wconf 84' lang='lat'><strong><em>2,</em></strong></span> <span class='ocrx_word' id='word_1_266' title='bbox 728 4188 777 4240; x_wconf 67' lang='lat' dir='ltr'><strong>ino.</strong></span> <span class='ocrx_word' id='word_1_267' title='bbox 792 4188 832 4239; x_wconf 85' lang='lat'><strong><em>11.</em></strong></span> 
     </span>
    </p>

    <p class='ocr_par' dir='ltr' id='par_1_4' title="bbox 348 4264 1459 4670">
     <span class='ocr_line' id='line_1_33' title="bbox 422 4264 1458 4344; baseline 0.003 -24"><span class='ocrx_word' id='word_1_268' title='bbox 422 4270 445 4321; x_wconf 91' lang='grc'><strong><em>1.</em></strong></span> <span class='ocrx_word' id='word_1_269' title='bbox 464 4271 599 4338; x_wconf 74' lang='grc' dir='ltr'><strong><em>σχοινίων</em></strong></span> <span class='ocrx_word' id='word_1_270' title='bbox 609 4265 673 4344; x_wconf 66' lang='lat' dir='ltr'><strong><em>qg&#39;·</em></strong></span> <span class='ocrx_word' id='word_1_271' title='bbox 687 4264 702 4321; x_wconf 89' lang='grc' dir='ltr'><strong><em>ὸ</em></strong></span> <span class='ocrx_word' id='word_1_272' title='bbox 715 4267 747 4321; x_wconf 76' lang='grc' dir='ltr'><strong><em>δὲ</em></strong></span> <span class='ocrx_word' id='word_1_273' title='bbox 758 4264 904 4341; x_wconf 87' lang='grc' dir='ltr'><strong><em>μοδισμὸς</em></strong></span> <span class='ocrx_word' id='word_1_274' title='bbox 912 4264 1018 4324; x_wconf 80' lang='grc' dir='ltr'><strong><em>τούτων</em></strong></span> <span class='ocrx_word' id='word_1_275' title='bbox 1029 4270 1080 4339; x_wconf 82' lang='grc' dir='ltr'><strong><em>γῆς</em></strong></span> <span class='ocrx_word' id='word_1_276' title='bbox 1090 4267 1202 4340; x_wconf 81' lang='grc' dir='ltr'><strong><em>μοδίων</em></strong></span> <span class='ocrx_word' id='word_1_277' title='bbox 1211 4268 1266 4342; x_wconf 89' lang='grc' dir='ltr'><strong><em>μη’</em></strong></span> <span class='ocrx_word' id='word_1_278' title='bbox 1278 4272 1299 4323; x_wconf 84' lang='grc'><strong><em>1)</em></strong></span> <span class='ocrx_word' id='word_1_279' title='bbox 1368 4272 1392 4323; x_wconf 82' lang='grc' dir='ltr'><strong><em>θ.</em></strong></span> <span class='ocrx_word' id='word_1_280' title='bbox 1411 4272 1458 4324; x_wconf 75' lang='lat' dir='ltr'><strong><em>hoe</em></strong></span> 
     </span>
     <span class='ocr_line' id='line_1_34' title="bbox 348 4346 1459 4422; baseline 0.001 -19"><span class='ocrx_word' id='word_1_281' title='bbox 348 4351 481 4420; x_wconf 74' lang='lat' dir='ltr'><strong>problema</strong></span> <span class='ocrx_word' id='word_1_282' title='bbox 493 4350 577 4404; x_wconf 83' lang='lat' dir='ltr'><strong>om.l)</strong></span> <span class='ocrx_word' id='word_1_283' title='bbox 630 4349 670 4402; x_wconf 80' lang='lat'><strong><em>12.</em></strong></span> <span class='ocrx_word' id='word_1_284' title='bbox 686 4346 751 4416; x_wconf 79' lang='grc' dir='ltr'><strong><em>βἈ</em></strong></span> <span class='ocrx_word' id='word_1_285' title='bbox 805 4351 844 4403; x_wconf 84' lang='grc'><strong><em>13.</em></strong></span> <span class='ocrx_word' id='word_1_286' title='bbox 863 4347 975 4418; x_wconf 80' lang='grc' dir='ltr'><strong><em>ἡοω.1)</em></strong></span> <span class='ocrx_word' id='word_1_287' title='bbox 1029 4351 1069 4402; x_wconf 88' lang='grc'><strong><em>15.</em></strong></span> <span class='ocrx_word' id='word_1_288' title='bbox 1087 4351 1290 4422; x_wconf 81' lang='grc' dir='ltr'><strong><em>τῶνπλευρῶν]</em></strong></span> <span class='ocrx_word' id='word_1_289' title='bbox 1303 4348 1459 4422; x_wconf 75' lang='grc' dir='ltr'><strong><em>πλευρὰνῐ)</em></strong></span> 
     </span>
     <span class='ocr_line' id='line_1_35' title="bbox 421 4427 1391 4502; baseline 0.003 -20"><span class='ocrx_word' id='word_1_290' title='bbox 421 4431 462 4484; x_wconf 87' lang='grc'><strong><em>16.</em></strong></span> <span class='ocrx_word' id='word_1_291' title='bbox 480 4429 551 4483; x_wconf 75' lang='grc' dir='ltr'><strong><em>δ”Ιλ</em></strong></span> <span class='ocrx_word' id='word_1_292' title='bbox 622 4432 661 4484; x_wconf 83' lang='grc'><strong><em>17.</em></strong></span> <span class='ocrx_word' id='word_1_293' title='bbox 679 4427 826 4498; x_wconf 79' lang='grc' dir='ltr'><strong><em>ξδ’]ξαἸ)</em></strong></span> <span class='ocrx_word' id='word_1_294' title='bbox 902 4434 941 4485; x_wconf 89' lang='grc'><strong><em>18.</em></strong></span> <span class='ocrx_word' id='word_1_295' title='bbox 961 4427 1262 4502; x_wconf 80' lang='grc' dir='ltr'><strong><em>τετραγωνικῆ]ΛΤω)“</em></strong></span> <span class='ocrx_word' id='word_1_296' title='bbox 1279 4434 1391 4502; x_wconf 76' lang='lat' dir='ltr'>A‚[]1)</span> 
     </span>
     <span class='ocr_line' id='line_1_36' title="bbox 352 4509 1459 4584; baseline 0.005 -19"><span class='ocrx_word' id='word_1_297' title='bbox 352 4514 394 4566; x_wconf 82' lang='lat'><strong><em>19.</em></strong></span> <span class='ocrx_word' id='word_1_298' title='bbox 412 4509 486 4564; x_wconf 82' lang='lat' dir='ltr'><em>S&#39;&#39;D</em></span> <span class='ocrx_word' id='word_1_299' title='bbox 533 4513 575 4566; x_wconf 78' lang='lat'><strong><em>20.</em></strong></span> <span class='ocrx_word' id='word_1_300' title='bbox 587 4513 636 4568; x_wconf 74' lang='grc' dir='ltr'><strong><em>ἐπὶ</em></strong></span> <span class='ocrx_word' id='word_1_301' title='bbox 646 4523 706 4584; x_wconf 81' lang='lat' dir='ltr'>post</span> <span class='ocrx_word' id='word_1_302' title='bbox 716 4509 802 4583; x_wconf 81' lang='grc' dir='ltr'><strong><em>ἤγουν</em></strong></span> <span class='ocrx_word' id='word_1_303' title='bbox 814 4515 905 4568; x_wconf 70' lang='lat' dir='ltr'><strong><em>adm)</em></strong></span> <span class='ocrx_word' id='word_1_304' title='bbox 952 4511 1078 4568; x_wconf 80' lang='grc' dir='ltr'><strong><em>22.δ”1)</em></strong></span> <span class='ocrx_word' id='word_1_305' title='bbox 1122 4513 1326 4584; x_wconf 84' lang='grc' dir='ltr'><strong><em>μοδίωνκδἸ)</em></strong></span> <span class='ocrx_word' id='word_1_306' title='bbox 1372 4513 1459 4570; x_wconf 80' lang='grc' dir='ltr'><strong><em>24.Ἡ</em></strong></span> 
     </span>
     <span class='ocr_line' id='line_1_37' title="bbox 348 4591 1459 4670; baseline 0.005 -25"><span class='ocrx_word' id='word_1_307' title='bbox 348 4603 377 4647; x_wconf 81' lang='lat' dir='ltr'><strong><em>et</em></strong></span> <span class='ocrx_word' id='word_1_308' title='bbox 388 4591 531 4666; x_wconf 82' lang='grc' dir='ltr'><strong><em>τριγώνου</em></strong></span> <span class='ocrx_word' id='word_1_309' title='bbox 542 4597 625 4649; x_wconf 70' lang='grc' dir='ltr'><strong><em>συιδ</em></strong></span> <span class='ocrx_word' id='word_1_310' title='bbox 693 4596 735 4648; x_wconf 78' lang='grc'><strong><em>26.</em></strong></span> <span class='ocrx_word' id='word_1_311' title='bbox 753 4592 825 4646; x_wconf 81' lang='grc' dir='ltr'><strong><em>θ’Ὶ)</em></strong></span> <span class='ocrx_word' id='word_1_312' title='bbox 893 4598 935 4650; x_wconf 79' lang='grc'><strong><em>27.</em></strong></span> <span class='ocrx_word' id='word_1_313' title='bbox 951 4593 991 4666; x_wconf 86' lang='grc' dir='ltr'><strong><em>γ’]</em></strong></span> <span class='ocrx_word' id='word_1_314' title='bbox 1005 4596 1101 4668; x_wconf 81' lang='grc' dir='ltr'><strong><em>τρίαΙ)</em></strong></span> <span class='ocrx_word' id='word_1_315' title='bbox 1169 4595 1232 4665; x_wconf 79' lang='grc' dir='ltr'><strong><em>ηἸ)</em></strong></span> <span class='ocrx_word' id='word_1_316' title='bbox 1292 4595 1365 4670; x_wconf 86' lang='grc' dir='ltr'><strong><em>πρὸς</em></strong></span> <span class='ocrx_word' id='word_1_317' title='bbox 1376 4600 1459 4653; x_wconf 84' lang='lat' dir='ltr'><strong>om.D</strong></span> 
     </span>
    </p>

    <p class='ocr_par' dir='ltr' id='par_1_5' title="bbox 419 4671 556 4742">
     <span class='ocr_line' id='line_1_38' title="bbox 419 4671 556 4742; baseline 0.015 -16"><span class='ocrx_word' id='word_1_318' title='bbox 419 4674 463 4727; x_wconf 78' lang='grc'><strong><em>29.</em></strong></span> <span class='ocrx_word' id='word_1_319' title='bbox 483 4671 556 4742; x_wconf 83' lang='grc' dir='ltr'><strong><em>ιβἸ)</em></strong></span> 
     </span>
    </p>
   </div>
   <div class='ocr_carea' id='block_1_4' title="bbox 0 0 1981 5742">
    <p class='ocr_par' dir='ltr' id='par_1_6' title="bbox 0 0 1981 5742">
     <span class='ocr_line' id='line_1_39' title="bbox 0 0 1981 5742; baseline 0 0"><span class='ocrx_word' id='word_1_320' title='bbox 0 0 1981 5742; x_wconf 95' lang='lat' dir='ltr'><strong><em> </em></strong></span> 
     </span>
    </p>
   </div>
  </div>
 </body>
</html>
