3925 5742
529 769 579 818 258
1008 768 1162 820 Axofflss

529 921 592 1009 γάρ
624 917 732 1006 ἀμβλύ
762 922 822 1009 τῆς
846 919 908 988 ἐπὶ
935 923 1005 986 πᾶν
1031 919 1236 1011 άπλουμένης
1261 924 1326 988 τῶν
1352 919 1450 989 είδιῖιν
1472 919 1635 1001 ἐκτάσεως

529 1021 620 1091 έστιν
641 1021 751 1091 είκαίν·
778 1023 836 1092 καί
856 1027 897 1091 τὸ
916 1020 974 1104 ἀξά
995 1031 1056 1111 τῆς
1078 1026 1283 1114 όιαιρετικῆς
1303 1024 1361 1092 καί
1382 1026 1552 1114 κινητικῆς
1571 1026 1636 1091 τῶν

498 1152 513 1190 4
530 1122 615 1193 ὅλων
636 1123 747 1205 αἰτίας
769 1122 1107 1214 ἀφομοίωσινέλαχε.
1149 1126 1207 1194 καί
1228 1127 1371 1215 μήνκαὶ
1392 1125 1426 1194 έν
1441 1122 1554 1205 αὐτοῖς
1567 1131 1635 1206 τοῖς

528 1223 604 1296 οὖσι
624 1230 665 1317 τῆ
685 1227 746 1313 μέν
768 1225 867 1319 οὐσίᾳ
887 1225 909 1312 ἦ
933 1225 1081 1318 ἀρθότης
1100 1229 1159 1296 τόν
1180 1226 1278 1296 αὐτὸν
1299 1226 1374 1317 ὅρον
1394 1230 1454 1297 τοῦ
1468 1221 1557 1295 εἶναι
1572 1253 1635 1316 ψυ-

526 1329 693 1398 λάττοοσα
724 1329 917 1417 προσέοικε,
947 1335 1021 1410 τοῖς
1050 1331 1088 1398 δὲ
1114 1328 1358 1419 συμβεβηκόσιν
1381 1329 1405 1420 ῆ
1430 1356 1468 1398 τε
1494 1326 1669 1416 ἀμβλεῖα5

527 1433 586 1500 καί
613 1429 718 1514 όξεῖα·
744 1439 850 1500 ταῦτα
877 1433 938 1522 γάρ
961 1433 1092 1516 δέχεται
1113 1434 1152 1501 τό
1173 1435 1298 1518 μᾶλλον
1319 1433 1377 1500 καί
1397 1433 1437 1501 τό
1459 1425 1558 1524 ἧττον
1578 1433 1635 1499 καί

528 1531 690 1621 ἀορίστως
710 1534 960 1620 μεταβάλλοντα
981 1533 1146 1603 οὐδέποτε
1167 1536 1320 1603 παίεται.

470 1645 512 1705 25
612 1635 783 1721 Σύμβολον
805 1629 862 1704 οὖν
883 1638 942 1704 καί
963 1634 985 1727 ῆ
1008 1637 1153 1718 κάθετός
1175 1637 1266 1706 ἔστιν
1287 1635 1461 1728 ἀρρεψίας,
1483 1637 1634 1725 καθαρό-

525 1762 639 1827 τητος,
661 1734 823 1826 ἀχράντυο
846 1738 1022 1825 δυνάμεως,
1045 1737 1208 1821 ἀκλινοῦς,
1231 1739 1365 1807 πάντων
1385 1745 1452 1806 τῶν
1465 1739 1635 1806 τοιούτων.

527 1837 599 1908 έστι
628 1840 666 1908 δέ
693 1842 752 1908 καί
777 1842 894 1930 μέτρου
921 1839 1021 1910 θείου
1047 1843 1105 1909 καί
1132 1844 1245 1931 νοεροῦ
1273 1841 1446 1926 σύμβολον.
1491 1842 1551 1909 διὰ
1573 1841 1633 1927 γάρ
1654 1858 1682 1908 10

525 1942 678 2010 καθέτων
704 1944 761 2010 καί
787 1945 830 2010 τά
856 1942 927 2034 ὕψη
953 1946 1019 2010 τῶν
1044 1943 1220 2034 σχημάτων
1242 1941 1493 2032 ἀναμετροῦμεν,
1516 1942 1575 2010 καί
1596 1949 1634 2036 τῆ

525 2047 612 2133 πρός
624 2046 682 2133 τῆν
697 2042 801 2134 όρθῆν
815 2042 969 2136 ἀναφορᾷ
982 2048 1042 2126 τὰς
1057 2043 1158 2126 ἀλλος
1168 2043 1420 2135 εάθυγράμμους
1431 2042 1552 2133 γωνίας
1563 2041 1634 2131 ὁρί-

525 2148 621 2232 ζομεν
643 2144 745 2226 αὐτάς
770 2144 826 2236 ἐφ’
851 2144 975 2214 ἑαυτῶν
996 2143 1169 2235 ἀορίστους
1192 2144 1306 2227 οόσας·
1329 2145 1363 2214 ἐν
1383 2142 1551 2235 ὑπερβολῇ
1572 2146 1633 2233 γάρ

524 2250 582 2317 καί
609 2247 760 2338 ἐλλείψει
782 2253 1005 2339 θεωροῦνται·
1027 2248 1153 2317 τούτων
1174 2249 1235 2338 γάρ
1254 2248 1390 2335 ἑκάτερα
1409 2244 1494 2314 καθ’
1516 2243 1633 2337 έαυτῆν

525 2348 710 2440 ἀπέραντός
731 2351 830 2419 ἐστιν.
1651 2370 1679 2420 15

468 2464 508 2524 26
609 2482 625 2512 ν
651 2482 667 2512 κ
694 2481 710 2511 ν
737 2451 943 2537 ἀποδείξεως
975 2458 1115 2523 δεῖσθαι
1141 2453 1199 2521 καί
1226 2453 1428 2543 κατασκευῆς
1454 2453 1548 2539 παρά
1574 2452 1632 2540 τῆν

523 2554 678 2645 ἰδιότητα
703 2565 768 2623 τῶν
797 2556 998 2646 ζητουμένων
1023 2559 1082 2645 τῆς
1101 2559 1167 2623 τῶν
1189 2553 1378 2644 αἰτημάτων
1398 2554 1456 2620 καί
1479 2551 1633 2638 ἀξιωμά-

522 2685 587 2724 των
614 2657 775 2747 ἐνεργείας
803 2657 1081 2746 ἀπολειπομένην.
1126 2655 1228 2747 ἀίμφω
1254 2657 1315 2744 μέν
1334 2658 1374 2724 τό
1397 2654 1525 2724 ἁπλοῦν
1546 2652 1631 2737 ἔχειν

524 2761 653 2828 δεῖκαὶ
675 2757 847 2850 νεόληπτον,
869 2760 910 2827 τό
930 2787 967 2827 τε
989 2757 1115 2850 αἴτημα
1136 2760 1219 2847 λέγω
1241 2761 1298 2827 καί
1319 2760 1358 2827 τὸ
1371 2755 1514 2844 ἀξίωμα.
1548 2755 1631 2824 ἀλλά

521 2864 561 2929 τὸ
581 2864 641 2946 μὲν
663 2861 789 2952 αἴτημα
810 2862 1009 2947 προστάττει
1032 2861 1110 2953 ἡμῖν
1130 2862 1390 2950 μηχανῆσασθαι
1411 2861 1468 2928 καί
1484 2859 1631 2948 πορίσα-
1650 2873 1677 2922 20

521 2963 609 3033 σθαί
628 2991 705 3032 τινα
730 2964 810 3053 όλην
831 2962 879 3044 είς
901 2963 1156 3050 συμπτωμάτων
1176 2963 1339 3032 ἀπόδοσιν
1360 2961 1470 3053 ἁπλῆν
1491 2959 1632 3046 ἔχουσαν

521 3066 579 3134 καί
605 3067 729 3155 εὐπετῆ
754 3067 813 3155 τῆν
833 3067 952 3156 λῆψιν·
979 3066 1020 3133 τό
1047 3064 1085 3148 δὲ
1107 3062 1239 3150 ἀξίωμα
1261 3064 1467 3154 συμβεβηκός
1487 3091 1524 3132 τι
1544 3062 1630 3131 καθ’

522 3166 602 3235 αὐτὸ
625 3169 712 3256 λέγει
735 3168 897 3257 γνώριμον
919 3164 1063 3236 αάτόθεν
1083 3171 1155 3246 τοῖς
1176 3163 1365 3247 ἀκούουσιν,
1389 3164 1504 3251 ὥσπερ
1519 3165 1630 3234 καὶτὸ

489 3272 646 3357 υθερμὸν
667 3265 753 3338 εἶναι
774 3273 815 3339 τό
836 3273 912 3359 πῦρ.
934 3311 977 3322 -
995 3269 1168 3360 Ἓκότερόν
1182 3269 1272 3338 ἔστιν
1286 3267 1367 3361 ἀρχῆ
1385 3266 1629 3346 ἀναπόδεικτος

520 3452 581 3506 τότε
593 3455 620 3518 Β,
633 3455 734 3519 τέ,τεΡ
806 3458 828 3509 1.
847 3453 938 3526 ἀμβλὺ
950 3458 1005 3522 τῆς]
1018 3454 1157 3526 ἀμβλόιης
1169 3458 1209 3509 BF
1279 3453 1433 3514 ἐκστάσεως
1444 3458 1481 3508 He
1550 3457 1575 3507 4.
1594 3450 1625 3506 τό

517 3535 571 3604 μὲν
583 3531 666 3587 οὐσία
678 3538 728 3600 BF,
740 3539 843 3588 correxi
856 3555 887 3588 ex
900 3541 935 3590 He
1010 3540 1033 3588 5.
1051 3543 1111 3596 τοῖς
1123 3537 1154 3591 δὲ
1166 3541 1209 3603 Ηο,
1222 3536 1254 3590 δὲ
1265 3543 1325 3595 τοῖς
1335 3539 1376 3589 BF
1446 3541 1471 3589 7.
1489 3533 1626 3607 μεταβάλ·

518 3617 603 3666 λοντα
614 3617 657 3677 Ηε,
670 3615 889 3686 μεταβάλλονται
901 3621 941 3671 BF
1015 3613 1120 3671 οὔποτε
1131 3621 1167 3670 He
1246 3621 1269 3670 8.
1289 3621 1347 3671 vide
1359 3619 1444 3670 Procl.
1457 3635 1483 3685 p.
1498 3620 1528 3669 37
1543 3619 1625 3669 iudea

519 3712 588 3746 vers.
602 3698 635 3748 24
704 3695 855 3766 ἀρεψίαςΒ
924 3702 948 3751 9.
961 3694 1099 3769 ἀχραντος
1110 3701 1150 3751 BF
1194 3689 1454 3758 ’καὶάκλινοῦςΗο
1525 3700 1626 3752 11.κα-

517 3779 605 3829 θέτου
616 3787 642 3830 et
654 3772 721 3846 ὕψει
732 3780 769 3830 He
779 3782 898 3831 mendoso
983 3782 1017 3852 τῆ
1028 3782 1112 3833 addidi
1124 3798 1156 3833 ex
1168 3784 1204 3834 He
1296 3783 1335 3833 12.
1354 3776 1505 3851 ἀναφορὰν
1516 3781 1558 3832 BF

518 3853 725 3929 εὐθυγράμμασ
736 3862 763 3925 Β,
776 3871 804 3913 ut
816 3863 917 3914 videtur
930 3864 1027 3926 (charta
1039 3879 1117 3916 exosa
1129 3865 1179 3931 est)
1251 3863 1290 3915 13.
1303 3857 1356 3932 ἀφ’
1370 3861 1524 3914 ἑαυτῶυΙΙο
1592 3855 1626 3918 ὡς

517 3937 548 3991 ἐν
559 3935 708 4008 ὑπερβολεῖ
716 3943 751 3992 He
830 3944 869 3994 14.
888 3947 1060 4012 θεωροῦντες
1072 3946 1107 3996 He
1174 3944 1257 3997 τοῦτο
1269 3944 1309 3994 BF
1376 3936 1444 3994 καθ’
1458 3936 1626 4007 αὑτῆνθΗο

586 4022 626 4072 16.
639 4022 696 4073 vide
709 4023 794 4081 Procl.
807 4041 830 4090 p.
844 4027 877 4076 50
889 4025 946 4076 inde
958 4042 972 4076 a
984 4042 1053 4077 vers.
1065 4027 1080 4076 8
1090 4028 1121 4077 ab
1130 4027 1177 4077 ult.
1231 4023 1354 4088 δεῖσθαι-1
1360 4024 1491 4095 χρῆσθαι
1499 4023 1536 4073 He
1545 4037 1623 4088 prave

586 4101 626 4152 18.
643 4099 881 4174 ἀπολειπομένων
892 4109 929 4158 He
940 4123 1018 4172 prave
1089 4108 1129 4158 19.
1146 4106 1199 4171 δεῖ]
1212 4101 1246 4170 όῆ
1259 4104 1278 4154 Β
1348 4101 1487 4169 εὔληπτον
1499 4103 1544 4165 110,
1558 4098 1623 4167 ἅλη-

516 4198 590 4234 πτον
601 4183 621 4232 Β
633 4192 659 4234 et
671 4184 692 4234 F
704 4186 729 4235 in
741 4201 830 4250 marg„
844 4181 962 4251 ἀλληλον
973 4188 994 4239 F
1007 4189 1032 4238 in
1044 4197 1167 4240 contextu
1179 4187 1261 4238 tribus
1273 4185 1374 4252 punctis
1386 4193 1500 4236 notatum
1541 4254 1542 4257 Ἴ
1581 4185 1623 4234 αἴ-

516 4263 616 4329 wal*
695 4266 785 4335 λέγων
796 4269 832 4319 He
916 4268 959 4318 20.
977 4264 1148 4340 προστάττει
1159 4271 1202 4330 He,
1215 4263 1382 4337 προτάττειν
1393 4266 1434 4317 BF
1502 4267 1624 4333 μηχανέ-

517 4349 625 4395 σασθαι
636 4345 664 4409 B,
675 4346 909 4418 μηχανησάμενος
922 4349 942 4400 F
1012 4350 1054 4400 21.
1068 4344 1237 4418 συμπτόσιν
1248 4349 1284 4399 He
1295 4364 1373 4414 prave
1436 4343 1588 4399 ὑπόόωσιν
1597 4347 1622 4407 Β,

516 4415 706 4477 ἀπόδοσινΗο
752 4426 855 4495 ἔχουσα
866 4430 906 4481 BF
959 4432 1001 4481 22.
1014 4426 1083 4484 καθ’
1098 4430 1166 4483 αὐτὸ
1178 4432 1222 4495 Ην,
1235 4431 1282 4481 καὶ
1294 4426 1376 4480 ταύτὸ
1389 4428 1430 4480 BF
1479 4428 1521 4479 23.
1535 4429 1623 4496 λέγειν

517 4502 556 4552 BF
569 4505 604 4555 He
656 4503 803 4578 γνώρισμα
815 4511 855 4561 BF
925 4512 967 4563 24.
980 4513 1101 4582 πυρλΒΡ
1114 4511 1426 4580 (οηυιυοπῦροιυῐςιιο
1439 4509 1622 4575 interpunctio-

516 4583 563 4648 nis)
629 4582 782 4662 Ἑκάτερον]
796 4594 854 4642 vide
867 4593 925 4643 ibid.
939 4609 963 4659 p.
978 4595 1010 4644 50
1022 4603 1090 4646 extr.
