3925 5742
509 775 559 826 260
985 767 1142 821 ΑΝΟΝΥΜΙ

509 924 643 994 ι’σταται
669 924 709 991 τὸ
736 921 775 990 δέ
795 923 927 1010 τριχῶς·
955 916 1147 1009 ἀπειραχῶς
1168 921 1206 987 δέ
1232 920 1274 987 τά
1299 920 1441 994 τοιαῦτα
1468 918 1618 1009 προβλή-

508 1053 599 1114 ματα
630 1021 752 1114 γένοιτ’
786 1021 826 1093 tv
856 1025 916 1113 τὴν
948 1026 1110 1092 δοθεῖσαν
1141 1020 1277 1090 εύθεῖαν
1306 1021 1436 1107 τέμνειν
1467 1019 1516 1102 εἰς
1543 1018 1620 1110 τρία

510 1127 687 1216 ἀναλόγως.
1466 1210 1475 1221 ·

452 1235 495 1298 29
593 1258 611 1292 ι
636 1258 653 1288 ι
679 1258 695 1287 ε
721 1232 808 1297 *scir
836 1228 904 1319 πρὸ
932 1223 1038 1294 άλλων
1064 1226 1123 1293 καὶ
1150 1224 1185 1292 έν
1212 1228 1282 1304 τοῖς
1310 1226 1450 1305 πολλοῖς
1476 1224 1536 1294 καὶ
1560 1225 1620 1315 τήν

508 1332 595 1420 πρός
621 1330 705 1400 αὑτά
727 1331 841 1416 σχέσιν
861 1327 1061 1420 κατηγορίαν
1082 1324 1300 1419 ὑφιστάμενα.
1343 1328 1483 1415 τριττύν
1504 1326 1544 1395 δὲ
1566 1324 1619 1396 όν-
1640 1341 1654 1390 5

508 1460 585 1518 των,
619 1431 664 1514 ιὺς
689 1430 725 1504 ἓν
751 1432 918 1501 συνελόντι
944 1430 1067 1521 φάναι,
1101 1431 1165 1497 τῶν
1191 1430 1385 1496 καθολικάιν
1414 1425 1526 1511 εἰδῶν,
1560 1436 1621 1497 τοῦ

508 1535 724 1624 μετεχομένου
750 1535 800 1604 καὶ
821 1533 856 1602 έν
880 1537 952 1612 τοῖς
978 1534 1114 1613 πολλοῖς
1140 1529 1234 1611 όντος
1254 1529 1313 1597 καὶ
1334 1531 1378 1597 τά
1397 1532 1542 1617 μεριστά
1564 1530 1620 1598 έκ-

510 1639 722 1729 πληροῦντος,
743 1635 910 1727 νοήσωμεν
933 1634 1100 1724 διαφοράς
1121 1634 1206 1701 κατά
1226 1633 1285 1722 τὴν
1299 1629 1518 1723 ὑποκειμένην
1531 1631 1619 1723 ὑλην,

510 1737 568 1804 καλ
593 1738 636 1804 τά
662 1738 838 1824 μετέχοντα
865 1735 949 1804 αὑτά
977 1735 1075 1802 διττά
1101 1735 1241 1820 θέμενοι
1261 1733 1303 1800 τά
1323 1734 1383 1818 μέν
1404 1733 1621 1825 αἰσθητάτά

510 1837 550 1904 δὲ
571 1843 597 1907 ἐν
618 1836 787 1929 φαντασίᾳ
806 1839 866 1928 τὴν
886 1836 1075 1906 ὑπόστασιν
1096 1834 1220 1922 ἔχοντα.
1250 1838 1309 1904 καὶ
1324 1836 1384 1925 γάρ
1398 1833 1418 1925 ἡ
1434 1835 1493 1926 ύλη
1511 1836 1619 1927 διττή,
1641 1848 1669 1897 1⁰

509 1941 569 2006 καὶ
589 1937 610 2029 ἡ
631 1939 693 2025 μὲν
714 1944 767 2010 τῶν
790 1937 952 2029 αἰσθήσει
973 1939 1203 2026 συζυγούντων,
1218 1935 1238 2029 ἦ
1255 1938 1292 2006 δὲ
1306 1940 1361 2007 τῶν
1376 1945 1620 2027 φανταστικῶν.

455 2050 495 2113 30
593 2042 670 2107 Πᾶν
691 2041 751 2130 γάρ
772 2042 811 2109 τὸ
834 2041 986 2109 καθόλου
1007 2041 1066 2108 καὶ
1087 2042 1126 2108 τύ
1148 2041 1183 2110 ἓν
1205 2041 1262 2108 καὶ
1284 2044 1349 2108 τῶν
1371 2041 1502 2108 πολλῶν
1522 2066 1620 2130 περι-

707 2139 728 2167 Ἃ

510 2142 673 2231 ληπτικύν
705 2170 725 2233 ιγ
753 2142 788 2210 ἐν
812 2147 884 2222 τοῖς
909 2139 992 2210 καθ’
1023 2141 1147 2210 ἕκαστα
1172 2142 1405 2234 φαντάζεσθαι
1431 2147 1573 2225 πέφυκεν,
1603 2137 1622 2232 ἢ

511 2247 641 2330 φαίνεται
673 2244 731 2310 καὶ
756 2245 815 2334 τὴν
840 2241 984 2332 ύπαρξιν
1010 2243 1045 2311 έν
1069 2243 1203 2325 τούτοις
1232 2241 1317 2329 ἔχειν
1344 2241 1528 2333 ἀχάριστον
1555 2239 1619 2310 ἀπ’

510 2343 617 2413 αὑτῶν
636 2342 784 2434 ὑπάρχον
805 2347 864 2414 καὶ
884 2345 1165 2432 κατατεταγμένον
1185 2347 1220 2414 έν
1242 2343 1352 2427 αὑτοῖς
1372 2345 1431 2412 καὶ
1444 2347 1529 2432 μετὰ
1542 2344 1621 2413 τού-
1641 2357 1669 2406 15

509 2473 584 2532 των,
606 2443 629 2536 ἢ
650 2447 907 2534 συγκινούμενον,
929 2444 952 2538 ἢ
971 2447 1120 2535 μονέμως
1141 2448 1238 2530 ἑστός
1256 2451 1314 2518 καὶ
1330 2446 1500 2539 άκιυήτως,
1515 2442 1539 2538 ἢ
1552 2447 1620 2535 πρὸ

578 2718 603 2770 2.
621 2718 723 2788 τέμνον
735 2718 755 2769 F
834 2718 873 2776 εὶς
885 2714 918 2769 τὰ
930 2720 994 2791 τρία
1006 2713 1130 2787 ἀνάλογα
1143 2721 1178 2771 Hs
1245 2722 1270 2771 4.
1289 2721 1336 2770 hoc
1349 2726 1433 2785 eaput,
1446 2719 1472 2768 in
1484 2718 1559 2769 libris
1571 2735 1620 2769 non

510 2800 653 2851 distinctum
670 2797 840 2865 aptioribus,
857 2801 992 2865 repetitum
1009 2809 1049 2852 est
1065 2817 1079 2852 ε
1096 2799 1189 2851 Proclo
1207 2814 1230 2865 p.
1247 2800 1277 2850 15
1294 2800 1351 2852 inde
1368 2815 1464 2850 svers.
1480 2800 1526 2864 123
1544 2807 1618 2865 atque

510 2896 565 2932 sam
577 2880 776 2953 lacunsquunm
787 2887 847 2945 post
858 2880 976 2938 πολλοῖς
987 2882 1062 2933 habet
1072 2884 1110 2934 Hs
1120 2882 1225 2948 explent
1236 2880 1277 2931 BF
1290 2883 1377 2931 eodem
1389 2879 1463 2930 modo
1477 2895 1526 2945 qno
1539 2879 1619 2929 Βετο-

509 2963 564 3013 οἰιιε
575 2978 600 3029 p.
613 2962 646 3011 25
660 2969 727 3012 extr.
742 2976 775 3010 ex
786 2961 839 3010 suis
852 2960 924 3012 libris
937 2963 1051 3027 explevit
1136 2961 1192 3015 τῶν
1204 2957 1261 3030 πρὸ
1275 2957 1366 3013 ἄλλων
1377 2968 1403 3012 et
1415 2968 1465 3012 cet
1472 2996 1480 3024 ,
1498 2966 1620 3025 corrupta

509 3043 535 3094 in
546 3043 596 3107 ΒΒ,
609 3043 644 3094 ita
657 3042 805 3105 restituam,
820 3049 850 3092 ut
867 3043 941 3093 simul
952 3044 1052 3109 plenam
1063 3042 1153 3094 faciam
1165 3043 1341 3093 sententiame
1355 3041 1460 3093 Proclos
1480 3041 1527 3092 καὶ
1540 3037 1619 3104 [κατά

508 3126 553 3190 Hs]
563 3120 617 3194 γάρ
628 3121 729 3182 ταύτας
741 3121 822 3192 οἶμαι
832 3119 882 3180 τὰς
891 3125 1011 3195 τριπλάς
1022 3119 1194 3179 ὑποστάσεις
1206 3118 1369 3193 εὑρήσομεν,
1381 3117 1415 3173 τά
1426 3119 1481 3190 μὲν
1493 3117 1551 3189 πρὸ
1565 3123 1620 3174 τῶν

508 3204 630 3268 πολλῶν,
642 3201 676 3256 τὰ
689 3202 720 3256 tt
733 3203 764 3256 tv
775 3208 835 3261 τοῖς
845 3205 961 3261 πολλοῖς
974 3206 1021 3268 [hic
1033 3206 1126 3256 desinit
1137 3205 1190 3270 Hel,
1202 3201 1236 3254 τὰ
1249 3201 1280 3254 δὲ
1294 3205 1351 3267 [om.
1362 3202 1411 3268 BF]
1422 3198 1492 3253 κατὰ
1503 3203 1559 3266 [καὶ
1568 3202 1617 3266 BF]

509 3281 560 3351 τὴν
572 3281 646 3355 πρὸς
657 3281 727 3336 αὑτά
741 3284 840 3353 σχέσιν
851 3285 898 3335 καὶ
911 3287 967 3348 [om.
981 3286 1031 3349 BF]
1044 3289 1214 3356 κατηγορίαν
1225 3280 1412 3352 ὑφιστάμενα.
1431 3283 1502 3349 Quae
1512 3284 1550 3334 εἱο
1559 3300 1618 3334 νεε-

508 3369 541 3420 tit
553 3368 685 3420 Bsrocius:
698 3371 774 3418 εἀατσ
786 3369 854 3417 onim
864 3367 912 3417 Ιιοε
925 3368 1008 3417 trinas
1019 3369 1201 3419 subsistentias
1212 3367 1396 3434 tompstismsss
1408 3366 1448 3429 (ut
1458 3366 1560 3430 αειιεεο]
1570 3364 1620 3414 aiis

509 3450 609 3516 quidem
626 3453 686 3500 ants
701 3447 796 3510 multa,
813 3447 865 3498 οἱίο
875 3451 962 3498 autem
973 3449 1000 3497 ι’νι
1012 3448 1108 3514 multis,
1120 3449 1172 3499 alia
1183 3463 1243 3499 υυνο
1256 3463 1320 3514 quas
1329 3461 1377 3514 μιν
1388 3451 1535 3514 respectum
1547 3461 1619 3514 quem

509 3529 647 3581 intentati
653 3531 711 3596 ipsa
717 3528 981 3596 praedicationemque
989 3530 1133 3580 subsistunt
1194 3528 1219 3578 5.
1232 3525 1355 3596 τριττῶν]
1367 3525 1508 3595 triplicibus
1517 3526 1617 3590 Baros„

509 3612 610 3680 τρίτων
622 3616 648 3659 et
660 3623 787 3673 suprascr.
802 3624 834 3659 ov
846 3608 875 3672 F,
889 3613 984 3678 τρίτον
995 3610 1014 3660 Β
1083 3609 1107 3660 6.
1121 3605 1158 3671 ἓν]
1172 3606 1203 3658 ἐν
1214 3606 1254 3656 BF
1326 3605 1487 3659 συνελλόντι
1499 3607 1589 3674 φάναι
1600 3607 1618 3656 Β

578 3689 627 3740 τοῦ
641 3688 839 3756 μετεχομένου]
856 3705 946 3741 rursus
958 3690 1125 3742 adscribenda
1136 3695 1177 3739 est
1189 3688 1289 3739 Barocii
1299 3688 1497 3754 interpretatios
1510 3688 1618 3757 triplici-

510 3771 557 3822 tus
573 3774 659 3821 autem
676 3770 714 3833 (ut
725 3771 799 3820 unico
812 3772 888 3821 νευόο
900 3773 1038 3837 absolvam)
1052 3769 1236 3823 universalibus
1244 3772 1348 3837 formis
1360 3771 1547 3836 existentibus,
1564 3773 1618 3820 sius

501 3853 612 3918 somnae
623 3867 673 3918 φιο
687 3849 769 3900 muita
778 3853 947 3918 participant,
962 3869 1074 3921 φιοιριιι
1084 3855 1111 3903 in
1125 3852 1215 3902 multis
1226 3854 1277 3917 ost,
1294 3855 1321 3902 st
1329 3851 1500 3919 particularia
1510 3851 1620 3919 corripiet

509 3939 558 3983 etc.
646 3931 671 3980 ἵ.
688 3930 735 3981 καὶ
746 3938 804 3982 anto
817 3928 917 3989 ἐντοῖς
928 3933 1012 3982 addidi
1024 3948 1038 3982 ε
1050 3933 1140 3985 Baros.
1210 3927 1291 3990 ὄντος
1301 3933 1408 3998 primum
1420 3940 1461 3983 est
1472 3939 1533 3998 post
1545 3932 1617 3983 Ιιιοσ-

508 4028 566 4063 num
577 4013 602 4063 in
613 4011 657 4077 Hs,
669 4003 730 4063 ύντι
741 4011 771 4076 Β,
785 4007 877 4063 ούτιΒ
944 4008 1302 4084 μεριστὰΗε,μετρικύιΒΒ
1361 4013 1385 4064 9.
1405 4007 1475 4064 αὐτὰ
1488 4013 1517 4076 Β,
1531 4007 1618 4063 αὐτοῦ

509 4094 530 4144 F
542 4094 578 4145 Hs
646 4088 776 4158 αἰσθητά]
794 4094 882 4146 ultima
895 4095 996 4161 syllaba
1008 4095 1034 4144 in
1045 4094 1064 4144 B
1076 4111 1126 4145 nou
1138 4102 1267 4160 comparet
1337 4093 1378 4144 10.
1396 4091 1427 4147 ἐν
1438 4093 1524 4145 addidi
1537 4109 1571 4144 ex
1582 4093 1618 4144 Hs

576 4174 769 4244 φαντασίανΒ
838 4169 895 4239 ὕλη]
910 4167 989 4238 itan
1060 4175 1099 4225 11.
1112 4175 1168 4226 τῶν
1179 4184 1311 4242 utrumque
1324 4173 1408 4225 addidi
1419 4190 1453 4224 ex
1464 4176 1501 4227 Hs
1572 4187 1620 4225 συ·

509 4253 664 4321 ζυγνο.των
679 4254 707 4320 Β,
720 4255 765 4305 εει]
778 4255 892 4318 singulae
905 4252 1008 4306 litterae
1021 4272 1069 4307 non
1080 4254 1228 4323 perspicuae
1315 4256 1355 4306 12.
1373 4255 1531 4308 vide‘Procl.
1545 4272 1570 4323 p.
1586 4257 1618 4307 15

509 4335 673 4387 indesvers.
687 4335 1132 4399 53inBFru1-susnulladistinctio
1186 4331 1240 4406 γάρ
1253 4352 1301 4387 om.
1314 4337 1350 4387 Hs
1403 4335 1444 4388 13.
1456 4338 1619 4390 καθέκαστα

508 4415 575 4466 BHe
642 4409 796 4484 πέφυκενῆ
809 4419 940 4484 φαίνεται
950 4417 1126 4469 addidists
1195 4413 1327 4485 14..ἔχειν
1343 4413 1513 4486 ἀχώριστον]
1528 4416 1619 4470 ἐκεῖνα

504 4493 593 4565 χωρὶς
603 4496 659 4548 τῶν
669 4495 719 4560 BF,
732 4494 799 4564 ἔχον
809 4491 969 4566 ἀχώριστον
981 4498 1017 4548 Hs
1090 4499 1130 4548 15.
1148 4497 1395 4568 κατατειαγμένων
1405 4499 1433 4565 Β,
1446 4515 1618 4569 καταπετομ-

506 4575 628 4642 μένονΒ
698 4577 739 4628 16.
758 4573 1011 4649 συγγινσύμενυυΒ
1080 4576 1383 4643 ἑστῶσΒΗι,ἑστώςΒ
