3925 5742
786 762 1030 818 DEFINITIONES.
1439 767 1474 819 35:

353 917 442 1005 ληλα
459 913 590 999 σχέσις.
634 914 695 984 ἐπὶ
724 915 762 984 55
783 922 849 984 τῶν
869 923 1023 1006 μεγεθῶν
1044 917 1179 1004 λέξομεν
1200 915 1308 1000 ἰδίως,
1338 910 1472 988 ὅτιλό-

354 1041 417 1104 γος
437 1017 512 1087 ἐστὶ
534 1016 594 1085 δόο
615 1019 766 1105 μεγεθῶν
788 1017 987 1106 ὁμοιογενῶν
1007 1017 1028 1110 ἡ
1047 1021 1136 1087 ’κατὰ
1149 1018 1366 1110 ,πηλικότητοι
1387 1019 1478 1093 ποία,

354 1118 486 1203 σχέσις·
509 1116 555 1198 ῶς
578 1111 664 1187 εἶναι
686 1120 744 1188 καλ
765 1117 819 1188 ἐπ’
842 1117 947 1188 αὐτῶν
969 1118 1146 1211 ἀναλογίαν
1166 1123 1224 1212 τὴν
1237 1122 1399 1191 τοιούτων
1412 1123 1472 1193 λε’·

355 1244 424 1307 γων
446 1219 635 1311 ὁμοιότητα.

317 1342 333 1389 5
443 1321 630 1391 Ἀναπαλιν
644 1323 771 1413 λόγος
754 1325 844 1393 εστὶν
860 1322 950 1394 ότου
935 1324 1126 1452 ”ἑπομένου
1138 1328 1223 1416 πρὸς
1232 1327 1272 1395 τό
1282 1325 1469 1453 ἡγούμενον.
1497 1352 1509 1391 ι

443 1426 608 1495 Συνθέιτι
629 1425 757 1515 λόγοςέ
758 1451 813 1496 στι
804 1427 935 1518 ληψις
947 1454 1007 1497 του
1023 1427 1201 1519 ἡγουμένου
1216 1430 1299 1516 μετὰ
1313 1431 1373 1498 τοῦ
1387 1427 1469 1499 5⁷10-
1495 1462 1509 1502 ε

352 1531 456 1614 μένου
480 1531 580 1618 πρὸς
589 1526 670 1605 αότό
690 1556 730 1598 το
719 1528 922 1656 ἑπόμενον.
1313 1561 1316 1564 ’

442 1632 600 1701 Διελόντι
629 1631 770 1721 λόγοςέ
770 1634 825 1700 στὶ
850 1634 957 1723 λῆψις
981 1635 1040 1724 τὴς
1066 1632 1229 1725 ὑπεροχῆς
1254 1628 1334 1723 ἡν
1314 1632 1470 1724 υπερέχει
1495 1669 1509 1707 ι

353 1735 395 1803 τὸ
418 1731 599 1824 ἡγούμενον
620 1735 679 1801 τοῦ
701 1731 864 1821 ἑπομένου
877 1737 973 1826 ,πρός
993 1736 1033 1804 τό
1053 1734 1226 1823 ἑπόμενον.
1301 1755 1304 1758 ’

300 1853 332 1902 10
443 1835 706 1927 Ἀναστρέψαιτι
732 1837 831 1925 λόγος
857 1837 930 1906 ἐστι
957 1840 1063 1929 λῆψις
1088 1846 1148 1908 τοῦ
1176 1837 1357 1929 ἡγουμένου
1384 1838 1469 1927 πρός
1495 1871 1507 1910 5

353 1942 415 2030 τὴν
436 1936 601 2030 ἡπεροχὴν
621 1933 662 2030 ἡν
682 1935 836 2030 όπερέχει
857 1942 896 2008 τό
918 1938 1097 2031 ἡγούμενον
1117 1948 1176 2010 τοῦ
1198 1937 1368 2027 ἑπομένου.

440 2038 601 2124 Ἐναλλὰξ
626 2040 723 2128 λόγος
749 2040 840 2110 ἐστὶν
868 2039 886 2110 5
914 2045 972 2111 τοῦ
995 2039 1177 2133 ἡγουμένου
1199 2045 1287 2134 πρὸς
1306 2045 1345 2113 τὸ
1367 2039 1468 2133 ἡγοό-
1495 2075 1508 2116 ε

353 2169 458 2245 μενον
476 2143 616 2212 καὶτοῦ
636 2141 800 2230 ἑπομένου
823 2146 909 2234 πρὸς
930 2147 969 2213 τὸ
992 2142 1163 2232 ἑπόμενον.

442 2243 547 2315 Δι”’
529 2270 603 2315 ισου
620 2246 743 2373 λόγος
753 2244 826 2313 ἐστὶ
852 2245 1049 2337 τεταγμένης
1071 2244 1300 2374 ανμλογέας,“’
1279 2272 1359 2315 οταν
1379 2241 1402 2338 ἡ
1424 2244 1469 2327 ῶς
1494 2278 1506 2317 ι

300 2376 332 2427 15
354 2346 537 2440 ἡγούμενον
562 2350 650 2438 πρὸς
677 2346 899 2434 ἑπόμενον...
892 2344 967 2441 .,ἡ
994 2350 1036 2417 δὲ
1059 2349 1117 2416 καὶ
1138 2347 1183 2429 ῶς
1203 2345 1363 2434 ἑπόμενον
1383 2351 1469 2439 πρός

355 2450 439 2521 ι’έλλο
460 2451 537 2519 *τοῦ
561 2449 738 2540 ἡγουμένου
765 2450 851 2537 πρός
878 2445 961 2519 ἄλλο
988 2450 1112 2520 ‘5515‘-
1134 2450 1304 2519 τουτέστιν
1325 2449 1468 2532 ὑπεξαι-

354 2557 456 2645 ρεθέν
476 2557 542 2622 τῶν
562 2554 683 2639 μεταξό
705 2552 845 2633 ἐναλλὰξ
866 2552 958 2643 ὅρων.

381 2726 461 2817 ρκςέ.
505 2724 607 2813 Περὶ
627 2729 809 2811 μεγεθῶν
830 2723 1059 2813 συμμέτρων
1077 2727 1151 2793 ,καὶ
1173 2723 1439 2816 ἀσυμμέτρων.
1477 2735 1537 2798 128

448 2843 542 2925 Τίνες
567 2844 627 2931 μέν
655 2839 800 2932 ἀριθμοὶ
828 2839 944 2931 όίλογοι
971 2845 1029 2912 καὶ
1057 2842 1277 2936 ἀσύμμετροι,
1303 2847 1361 2913 καὶ
1382 2847 1468 2928 τίνες

427 3127 449 3177 1.
469 3123 567 3194 ἕξομεν
579 3125 606 3189 Β,
619 3120 717 3193 ἕξομεν
730 3121 759 3186 F,
773 3121 893 3191 λέξωμεν
904 3124 945 3174 Da
1007 3123 1031 3173 3.
1051 3117 1213 3194 ἀναλογίαν]
1227 3093 1407 3192 οὐκαλογλΎ

355 3210 379 3260 5.
401 3205 475 3277 πρὸς
486 3204 536 3260 τὸν
548 3207 566 3257 Β
636 3206 659 3256 7.
679 3201 746 3254 αὐτὸ
759 3201 800 3267 τὸ]
813 3201 893 3257 τὸνΒ
956 3205 979 3254 8.
997 3199 1127 3267 Διελόντι
1139 3213 1188 3254 etc.
1202 3221 1281 3271 usque
1294 3207 1325 3255 ad
1338 3205 1412 3255 finem
1424 3221 1467 3255 ea-

355 3290 416 3356 pitis
429 3305 477 3339 om.
490 3289 541 3348 Da,
560 3291 694 3352 eorumque
711 3286 769 3335 Ιοοο
786 3285 875 3336 edidit:
893 3281 927 3335 τὰ
945 3280 972 3334 5²
989 3279 1058 3334 ἄλλα
1075 3281 1089 3335 ὁ
1109 3282 1286 3353 στοιχειωτὴς
1301 3284 1332 3338 ἐν
1343 3285 1381 3353 τῷ
1394 3286 1467 3354 πέμ-

355 3388 419 3437 πτῳ
431 3369 481 3434 τῆς
494 3364 619 3420 καθόλου
636 3360 837 3434 στοιχειῶσεως
849 3363 973 3435 διορίζει.
999 3363 1062 3414 Tum
1075 3365 1140 3416 idem
1151 3367 1243 3437 iqserit
1252 3385 1266 3418 ε
1275 3365 1467 3433 αοεῑτίενετίίε

355 3453 461 3502 collect.
475 3459 529 3517 cap.
543 3450 576 3502 48
585 3444 623 3498 Ἡ
632 3443 750 3517 ἄπειρος
761 3444 878 3516 γραμμὴ
892 3454 940 3497 ete.
955 3454 981 3496 et
993 3462 1047 3512 cap.
1061 3448 1094 3498 49
1109 3449 1173 3501 Τῶν
1185 3446 1344 3518 ἀναλογιῶν
1355 3455 1404 3498 ete.
1430 3447 1467 3500 De!

355 3534 464 3600 reliquis
476 3529 722 3594 videinfraadeap.
737 3529 852 3580 1281ιί1.
944 3522 1061 3594 λόγονΒ
1111 3552 1115 3559 ’
1154 3530 1194 3582 12.
1211 3528 1285 3602 πρὸς
1296 3527 1378 3583 τόνλῚ

358 3616 398 3665 14.
418 3610 468 3664 Δι’
484 3615 556 3676 ἴσου]
569 3619 643 3664 Ιεοεαε
660 3612 732 3661 locus
745 3619 881 3676 corruptus
894 3618 946 3662 est:
963 3609 1095 3673 genuinam
1107 3613 1258 3677 scripturam
1269 3612 1327 3663 vido
1340 3628 1379 3678 ap.
1392 3610 1465 3663 Euel.

356 3694 538 3747 5def.18.19
613 3693 653 3744 16.
672 3689 732 3743 όέτι
744 3692 804 3741 libri
859 3686 1056 3758 ὑπεξερεθλνΒ
1127 3691 1167 3742 18.
1186 3708 1233 3758 pro
1246 3709 1300 3759 cap.
1316 3694 1365 3744 128
1378 3702 1404 3745 ει
1418 3695 1467 3744 129

354 3779 396 3829 Da
408 3776 470 3826 nihil
485 3775 563 3825 hahet
580 3774 628 3823 nisi
643 3774 716 3824 haee:
735 3773 813 3842 Περὶ·
823 3772 991 3844 συμμέτρων
1002 3773 1049 3825 καὶ
1061 3766 1276 3843 ἀσυμμέτρωνὸ
1290 3771 1468 3843 στοιχειωτὴς

353 3857 385 3913 ἐν
397 3875 436 3924 τῳ
424 3851 559 3923 όειιάτιμ
571 3857 619 3921 τῆς
631 3848 832 3921 στοιχειῶσεως
843 3855 918 3919 fiam
918 3871 939 3920 ῳ
952 3851 1044 3905 πολλὰ
1057 3853 1247 3923 παραδίδωσι.
1277 3856 1341 3906 Tum
1353 3856 1465 3906 adiicite

354 3939 453 3990 nostris
466 3938 552 3989 Variis
564 3937 667 3987 collect.
681 3950 735 4000 cap
748 3935 783 3985 46
794 3942 821 3984 et
832 3935 877 3985 47:
901 3930 941 3986 Τὸ
958 3930 1044 4004 ρητὸν
1060 3936 1106 3986 καὶ
1121 3931 1229 4004 ἄλογον
1243 3952 1323 4004 usque
1340 3938 1372 3987 ad
1384 3933 1467 3988 δεόο·

354 4021 448 4089 μέναι.
471 4019 515 4069 His
525 4019 630 4084 denique
642 4015 740 4066 idem
719 4030 773 4067 τωο
781 4016 835 4066 ulla
845 4015 1006 4067 distinctione
1015 4018 1076 4067 Ιιεευ
1086 4018 1155 4068 addit
1165 4016 1219 4080 (rol.
1230 4019 1278 4069 491³
1289 4003 1465 4079 extr.)·}1715

355 4101 405 4167 τῆς
414 4102 601 4170 προτεθείσης
610 4095 721 4155 εὐθεῖας
728 4093 903 4194 τετράγωνον
912 4093 995 4169 ῥητὸν
1004 4094 1101 4180 λέγει
1088 4112 1103 4148 ο
1113 4093 1272 4163 Εὐκλείδης.
1291 4099 1465 4165 προτεθεῖσα

355 4181 388 4235 δὲ
405 4179 503 4234 εὐθεῖα
518 4173 687 4243 ιιαλεῖται,”
670 4196 730 4244 ητις
748 4175 820 4249 όρχὴ
832 4178 942 4248 μέτρων
953 4180 1000 4229 καὶ
1013 4181 1075 4231 οἱον
1086 4180 1134 4229 καὶ
1145 4194 1238 4231 κανων
1249 4179 1289 4234 εἰς
1300 4175 1466 4248 ἔκμετρηαιν

357 4261 425 4333 ἡμῖν
441 4263 540 4332 μηνῶν
555 4260 624 4313 καθ’
643 4256 786 4312 ὑπόθεσιν
797 4260 934 4324 εἴληπται.
958 4251 1021 4311 οἷον
1034 4263 1112 4317 εἴτις
1124 4262 1265 4329 προτείνει
1277 4255 1370 4310 ποσὸν
1381 4260 1465 4326 (προ-

356 4347 457 4410 τείνοι,
473 4338 567 4395 πόσον
581 4345 628 4408 Ha)
645 4345 686 4406 εἴη
703 4339 733 4392 τὸ
749 4338 853 4410 μεταξὺ
869 4337 1013 4410 διάστημα
1029 4336 1223 4410 ὑποκειμένων
1238 4339 1323 4393 τινῶν
1342 4342 1465 4408 σημεῖον

358 4423 442 4478 οὐδὲν
459 4419 496 4478 ἂν
513 4416 546 4475 οὔ
562 4419 682 4482 δεόντως
697 4417 873 4476 πυνθάνοιτο
892 4422 939 4485 (sic
956 4423 995 4473 Ha
1010 4438 1055 4488 pro
1073 4417 1217 4474 πυνθάνοι
1229 4418 1274 4487 τὸ)
1292 4421 1393 4474 ποσῶν
1404 4417 1465 4473 ἐστὶ

356 4495 458 4558 ποδῶν
474 4499 492 4570 ἢ
505 4505 615 4573 πηχῶνι
632 4501 787 4572 ἀναγκαῖον
802 4498 838 4558 ἂν
855 4502 916 4556 δέοι
927 4499 1018 4571 πιμγὸς
1030 4498 1144 4570 (πήχεος
1154 4503 1202 4565 Ha)
1213 4502 1260 4553 καὶ
1273 4497 1364 4559 ποδὸς
1375 4502 1465 4554 αἰτεῖν

357 4585 431 4658 ἡμᾶς
446 4585 524 4655 παρὰ
540 4587 592 4639 τοῦ
606 4587 780 4657 παρέχοντος
795 4581 965 4651 πηλικότητα
982 4585 1033 4651 (sie
1045 4587 1083 4637 Ha
1094 4601 1140 4651 pro
1153 4580 1362 4650 πηλικότητος)ι
1379 4583 1425 4634 ιιαλ
1437 4580 1464 4634 ἔ·
