3925 5742
507 770 536 811 u
963 741 1152 793 rnlsrlrro

506 940 552 949 -
575 909 608 966 et
630 908 705 966 sunt
726 898 761 963 id
783 921 886 986 genus
909 895 1069 984 permulta
1085 917 1187 982 eaque
1203 893 1396 982 gravissima
1412 931 1456 942 -
1471 917 1510 960 ea
1527 904 1618 960 certa

507 1007 562 1073 via
584 1029 623 1071 so
645 1005 770 1071 ratione
793 1004 839 1069 ita
861 1001 1053 1092 explicanda
1077 1011 1160 1083 sunt,
1184 1010 1221 1067 ut
1244 1010 1276 1067 et
1290 1000 1424 1066 historia
1439 1001 1617 1067 mathema·

449 1194 451 1199 ,
508 1114 592 1179 ticae
614 1121 761 1177 veterum
786 1109 974 1197 disciplinae
999 1118 1031 1175 et
1046 1107 1247 1197 antiquitatis
1262 1093 1447 1198 Aegyptiae
1464 1108 1569 1174 studia
1585 1118 1620 1174 et

508 1227 707 1286 vetustarum
735 1239 956 1283 mensurarum
988 1214 1123 1281 scientia
1151 1238 1226 1281 suos
1255 1237 1403 1303 quaeque
1429 1216 1552 1280 fructus
1576 1238 1620 1280 ex

508 1326 569 1390 hoo
597 1323 760 1390 uberrimo
788 1325 877 1389 fonte
906 1323 1044 1412 capiant.
1091 1319 1157 1387 Sed
1180 1344 1265 1386 nunc
1288 1321 1487 1410 propositum
1512 1320 1619 1386 estin

508 1431 570 1497 hac
592 1430 792 1518 praefatione
815 1452 853 1495 eo
876 1428 1030 1516 perfungi
1053 1450 1185 1494 munere
1208 1427 1294 1515 quod
1319 1426 1432 1492 editori
1456 1427 1534 1492 artis
1557 1426 1619 1492 cri·

508 1536 593 1603 ticae
616 1536 698 1602 ratio
721 1536 867 1625 imponit.

598 1641 820 1709 (lodicibus
849 1666 926 1708 usus
957 1666 1028 1709 sum
1051 1641 1208 1710 Parisinis
1231 1663 1349 1708 novem
1372 1648 1405 1706 et
1426 1639 1620 1707 Monacensi

510 1774 585 1834 uno,
609 1773 746 1839 quorum
768 1758 865 1815 notae
888 1759 964 1815 sunt
986 1748 1064 1815 hae:

597 1854 630 1922 A
655 1884 696 1913 =
721 1854 825 1921 codex
847 1855 951 1923 Paris.
976 1853 1034 1920 Gr.
1063 1855 1164 1937 1670,
1194 1855 1470 1937 membranaceus,
1498 1854 1622 1920 saeculi

509 1962 604 2029 XIII.
644 1960 798 2028 Continet
813 1960 956 2026 Heronis
978 1958 1190 2046 geometriam
1207 1961 1282 2027 inde
1298 1984 1317 2026 a
1332 1960 1386 2026 fol.
1402 1961 1621 2026 622-131b.

597 2067 628 2132 B
653 2096 693 2125 =
717 2067 821 2133 Paris.
842 2066 941 2132 2475.
988 2066 1054 2132 Hic
1077 2076 1109 2132 et
1131 2066 1154 2131 ii
1178 2067 1234 2155 qui
1257 2077 1434 2155 sequuntur
1457 2067 1621 2134 chartacei

511 2183 594 2257 sunt,
622 2197 683 2241 neo
704 2173 834 2241 videtur
855 2173 940 2238 ullus
964 2195 1006 2236 ex
1030 2196 1067 2237 eo
1091 2194 1226 2239 numero
1250 2184 1324 2240 ante
1348 2175 1511 2240 saeculum
1534 2173 1621 2240 XVI

511 2289 661 2348 exaratus
684 2303 764 2347 esse.
808 2278 979 2366 Leguntur
1002 2287 1109 2343 autem
1131 2278 1165 2343 in
1188 2279 1217 2342 B

601 2389 629 2453 1.
676 2385 752 2452 inde
774 2411 795 2452 o.
816 2385 871 2450 fol.
899 2387 937 2448 1Ιι
957 2374 1086 2465 Ἥρωνος
1110 2372 1171 2466 ipa
1193 2383 1248 2450 τῶν
1270 2384 1441 2472 γεωμετρίας
1466 2381 1621 2474 ὀνομάτων,

677 2491 795 2580 quibus
819 2490 971 2557 continuo
996 2490 1178 2580 adscriptae
1194 2502 1269 2558 sunt
1283 2493 1393 2560 variae
1410 2494 1621 2561 collectiones

677 2622 719 2665 ex
741 2598 874 2665 Herone
897 2597 1034 2663 Euclide
1058 2597 1193 2685 aliisque
1217 2597 1262 2685 (v.
1288 2599 1381 2667 infra
1395 2600 1436 2666 ad
1459 2600 1518 2688 Χ).

599 2708 630 2773 2.
677 2706 732 2772 fol.
756 2705 819 2770 55⁸
841 2699 1010 2789 Eicaywycl
1030 2703 1083 2770 τῶν
1098 2705 1405 2794 στερεομετρουμένωνι
1427 2707 1502 2774 vide
1517 2705 1621 2774 nostri

675 2812 752 2880 libri
773 2821 899 2900 partem
919 2811 981 2877 IV.

599 2921 631 2985 3.
675 2920 731 2986 fol.
748 2919 810 2984 72²
832 2911 969 3004 Διδύμαυ
981 2911 1190 3002 Ἀλεξανδρέως
1214 2914 1279 3003 περὶ
1301 2916 1460 3006 μαρμαίρων
1480 2914 1528 2985 καὶ
1546 2945 1622 2986 παν-

602 3061 605 3066 ·
678 3024 759 3091 τοίων
782 3018 887 3109 ξῦλωνε
911 3024 987 3091 vide
1009 3024 1131 3092 ibidem
1152 3025 1217 3091 IX.

598 3134 629 3198 4.
676 3132 732 3198 fol.
749 3131 810 3196 76⁸
832 3153 915 3197 vers.
933 3131 974 3195 19
996 3120 1124 3214 ἴἨμαννος
1151 3127 1308 3216 εἰσαγωγαὶ
1338 3142 1370 3199 et
1400 3129 1472 3218 Περὶ
1495 3125 1621 3221 εὐθυμε-

677 3237 792 3322 τρικῶν,
816 3238 848 3303 h.
873 3260 901 3303 e.
925 3237 1056 3304 tabulae
1074 3237 1283 3304 Heronianae
1306 3238 1323 3303 Ι
1347 3248 1379 3305 et
1400 3240 1448 3324 II,
1472 3240 1577 3308 editae
1600 3265 1622 3307 a

677 3344 770 3412 nobis
802 3343 837 3409 in
865 3341 1154 3431 Metrologicorum
1186 3344 1378 3432 scriptorum
1409 3347 1553 3436 reliquiis
1579 3350 1620 3414 fr.

677 3451 755 3515 4et
777 3450 807 3516 5.

599 3556 631 3622 5.
676 3555 731 3622 fol.
750 3554 813 3620 79b
836 3575 920 3620 vere.
937 3556 977 3620 12
1000 3550 1073 3638 Περὶ
1096 3554 1205 3642 μέτρων
1227 3553 1276 3622 καὶ
1300 3557 1443 3646 σταθμῶν
1466 3553 1621 3647 ὀνομασίας

546 3676 549 3683 “
678 3670 710 3727 et
731 3655 804 3744 Περὶ
825 3658 943 3747 μέτρων.
989 3660 1075 3727 Vide
1098 3661 1174 3728 ibid.
1198 3664 1314 3751 fragm.
1340 3665 1381 3730 95
1406 3674 1438 3731 et
1461 3666 1514 3731 81.

599 3768 630 3835 6.
677 3768 732 3834 fol.
749 3765 932 3831 80¹'--94b
957 3764 1104 3851 Μέτρησις
1133 3768 1318 3851 τετραστείου
1346 3754 1409 3856 ἦτοι
1438 3781 1515 3837 etc:
1543 3770 1621 3838 vide

676 3872 770 3938 huius
793 3870 869 3937 libri
891 3881 1020 3959 partem
1043 3871 1085 3940 V.

600 3977 694 4045 O:
716 3977 820 4044 Paris.
848 3978 1004 4067 supplem.
1036 3979 1099 4046 387
1131 3980 1275 4047 continet
1303 4005 1377 4048 cum
1406 3981 1470 4050 alia
1497 3983 1621 4050 mathe-

510 4085 629 4154 matica
651 4095 719 4152 tum
735 4085 877 4151 Heronis
902 4084 1104 4154 definitiones
1121 4096 1154 4153 et
1169 4088 1417 4156 stereometrica.
1455 4090 1621 4158 Exaratus

510 4203 560 4261 est
587 4194 629 4261 ab
658 4193 787 4259 homine
817 4202 849 4258 et
876 4193 1104 4260 mathematica
1133 4194 1227 4260 docto
1258 4203 1291 4260 et
1314 4194 1435 4263 Graeci
1461 4197 1620 4262 sermonis

509 4300 633 4387 perito,
655 4298 711 4364 sed
734 4298 882 4366 ductibus
903 4299 1008 4386 plenis
1028 4299 1242 4366 festinationis
1265 4324 1426 4391 saepeque
1447 4301 1620 4370 admodum

509 4404 680 4492 ambiguis.
737 4402 849 4471 Multis
883 4415 992 4472 autem
1025 4405 1106 4472 locis
1140 4415 1356 4474 atramentum
1389 4418 1456 4475 tam
1488 4409 1621 4476 decolor

508 4512 630 4577 factum
659 4520 724 4594 est,
753 4520 789 4577 ut
819 4511 978 4598 scriptura
1006 4513 1063 4578 vix
1093 4513 1248 4601 cognosci
1276 4515 1387 4602 possit.
1439 4514 1514 4604 Ego
1543 4515 1620 4583 inde
