3925 5742
793 737 1036 793 DEFINITIONES.
1436 744 1467 795 27

354 892 581 983 παραλλῆλως
608 891 646 975 δὲ
673 893 817 982 τμῆθείς
841 894 883 983 τῆ
908 892 1008 980 βάσει
1036 891 1117 962 άλλο
1143 918 1178 961 τι
1199 893 1296 982 μίρος
1318 902 1471 985 γραμμῆς
1535 937 1537 940 <

356 990 376 1063 ὀ
406 998 559 1064 καλεῖται
587 993 692 1062 κώνου
719 994 814 1086 τομῆ.
857 1003 923 1062 τῶν
949 996 987 1064 δὲ
1012 999 1072 1064 τοῦ
1097 993 1200 1064 κώνου
1227 1000 1337 1082 τομῶν
1364 995 1384 1087 ῆ
1412 998 1469 1084 μὲν

355 1100 511 1165 καλεῖται
539 1093 759 1186 ὀρθογώνιος,
786 1094 807 1187 ῆ
837 1098 873 1165 δὲ
899 1096 1139 1186 ὀμβλυγώνιος,
1167 1095 1188 1187 ῆ
1217 1097 1256 1165 δὲ
1283 1095 1468 1187 ὀξυγώνιος.

358 1196 551 1286 [ὀξυγώνιος
570 1200 632 1287 μὲν
654 1195 750 1288 οόνῆ
775 1197 857 1289 σύτῆ
879 1198 1092 1269 συνάπτουσα
1113 1199 1171 1267 καί
1193 1207 1342 1269 ποιοῦσα
1362 1203 1470 1293 σχῆμα

318 1302 551 1389 υθυροειδές·
578 1306 730 1371 καλεῖται
758 1301 796 1371 δι’
816 1297 887 1369 ύπό
908 1327 1006 1370 τινων
1027 1301 1086 1370 καί
1109 1298 1270 1390 ἔλλειψις.
1306 1301 1326 1392 ῆ
1351 1303 1389 1372 δὲ
1409 1312 1470 1373 τοῦ

358 1394 568 1490 ὀρθογωνίου
604 1408 757 1474 καλεῖται
788 1402 965 1494 παραβολή
972 1455 981 1487 ,
1018 1403 1039 1494 ῆ
1076 1403 1114 1473 δὲ
1149 1405 1207 1472 τοῦ
1240 1403 1470 1492 4οἰμβλυγωνίου

356 1503 546 1596 ὑπερβολῆ]

359 1659 429 1749 (ξδ’.
473 1661 576 1749 Περὶ
597 1661 813 1750 κυλίνδρου
837 1661 981 1742 αξονος
1002 1661 1070 1730 καὶ
1091 1663 1245 1750 βάσεως
1267 1661 1387 1732 αότοῦ
1401 1664 1470 1732 καί
1499 1662 1540 1724 96

733 1765 857 1852 τομῆς
877 1762 1101 1854 κυλίνδρου.

302 1885 337 1936 10
447 1863 633 1952 Κύλινδρός
654 1865 726 1933 ἐστι
748 1867 857 1955 σχῆμα
879 1865 1019 1954 στερεόν,
1042 1864 1127 1955 ὅπερ
1149 1871 1274 1936 νοεῖται
1289 1864 1471 1935 ἀποτελού-

357 1992 458 2052 μενον
484 1967 825 2056 παραλληλογράμμου
853 1963 1059 2055 ὀρθογωνίου
1085 1967 1165 2057 περί
1185 1966 1265 2054 μίαν
1284 1970 1350 2036 τῶν
1371 1970 1471 2036 πλευ-

358 2076 426 2156 ρών
452 2067 613 2155 με’νουσαν
641 2069 839 2159 στραφέντας
867 2069 924 2136 καί
948 2067 1289 2150 ὀποκατασταθέντος
1312 2069 1393 2138 ὅθεν
1413 2070 1472 2138 καί

358 2168 484 2261 ῆρξαιο
505 2170 685 2261 φέρεσθαι.
729 2167 750 2260 ῆ
775 2171 813 2240 δὲ
834 2170 977 2256 μένουσα
999 2169 1127 2252 εύθεῖα,
1148 2172 1228 2261 περὶ
1242 2164 1315 2259 ῆνῆ
1332 2171 1470 2262 στροφῆ,

359 2271 449 2356 ὀίξων
475 2272 620 2360 λέγεται·
650 2269 687 2340 αλ
715 2274 753 2341 δὲ
779 2272 898 2358 βάσεις
922 2272 1040 2341 κύκλοι
1067 2270 1101 2340 οἱ
1123 2270 1295 2358 γενόμευου
1317 2271 1385 2341 ύπό
1407 2277 1472 2340 τῶν

301 2393 337 2446 15
358 2371 445 2444 ἴσων
470 2376 620 2462 πλευρῶν
646 2382 706 2443 τοῦ
732 2374 1092 2465 παραλληλογράμμου·
1118 2373 1219 2459 τομαὶ
1242 2374 1280 2442 δὲ
1299 2374 1471 2464 κυλίνδρου

360 2474 398 2544 ai
418 2477 480 2563 μὲν
501 2475 848 2566 παραλληλόγραμμα,
872 2475 907 2545 αλ
930 2477 967 2548 δὲ
988 2473 1173 2563 ὀξυγωνίων
1194 2475 1314 2545 κώνων.

656 2629 714 2720 ςεῗ
757 2632 1177 2722 Περδτομῆςκοινώς.

453 2733 616 2820 Τὲμνεται
643 2735 681 2802 δὲ
706 2734 837 2823 στερεὸν
865 2733 925 2820 μὲν
944 2732 1020 2808 ςύπό
1045 2732 1258 2823 ἐπιφανείας,
1289 2733 1472 2825 ἐπιφάνεια

360 2835 401 2903 δὲ
430 2833 499 2903 ύπδ
527 2838 689 2927 γραμμῆς,
721 2837 851 2927 γραμμῆ
883 2835 922 2905 δὲ
948 2834 1017 2903 ύπδ
1045 2836 1202 2926 στιγμῆς·
1230 2834 1334 2904 ἐνίοτε
1356 2838 1393 2906 δὲ
1414 2834 1472 2906 καί

302 2955 340 3005 20
359 2935 433 3007 ύπδ
456 2942 606 3029 γραμμῆς
625 2938 758 3026 λέγεται
778 2937 961 3025 τέμνεσθαι
981 2939 1067 3006 κατὰ
1087 2935 1256 3028 άναφοράν
1269 2939 1328 3027 τῆν
1341 2939 1401 3008 ε’πὶ
1414 2940 1472 3031 τῆν

361 3038 517 3130 στιγμῆν·
539 3042 598 3108 καὶ
619 3039 803 3132 ἐπιφάνεια
826 3041 864 3109 δὲ
885 3039 953 3109 δπδ
974 3038 1176 3131 ἐπιφανείας
1195 3041 1281 3108 κατὰ
1303 3037 1474 3131 ἀναφοράν

359 3144 423 3233 τῆν
443 3142 504 3210 ἐπὶ
524 3145 583 3234 τῆν
604 3144 762 3235 γραμμῆν.

362 3299 427 3388 (iss.
471 3299 570 3388 Περὶ
591 3301 665 3367 τῶν
687 3299 729 3368 ἐκ
752 3298 823 3367 δύο
845 3300 1118 3391 περιφερειῶν
1138 3301 1306 3385 στερεῶν
1320 3298 1471 3389 σχῆμά·
1501 3301 1542 3365 98

634 3427 724 3485 των,
748 3400 921 3492 σπείρας
942 3399 1034 3491 ῆτοι
1055 3397 1206 3490 κρίκου.

303 3531 339 3582 25
452 3508 579 3591 Σπεῖροι
607 3500 749 3590 γίνεται,
783 3500 862 3573 ὅταν
890 3502 1010 3584 κύκλος
1038 3502 1099 3571 ὀπί
1127 3502 1246 3572 κύκλου
1275 3505 1314 3572 τδ
1343 3502 1474 3594 κέντρον

364 3604 458 3690 ἔχων,
482 3605 586 3693 ὀρθὸς
607 3599 652 3672 ῶν
673 3605 758 3693 πρὸς
779 3606 818 3674 τὸ
839 3612 899 3674 τοῦ
920 3603 1040 3673 κύκλου
1062 3604 1225 3701 Ιἐπίπεδον
1246 3607 1474 3696 περιενεχθεὶς

363 3707 416 3789 είς
441 3708 481 3777 τὸ
506 3703 587 3776 αύτὸ
606 3705 716 3775 ’πάλιν
745 3703 1026 3797 άποκατασταθῆ.
1069 3708 1108 3774 τὸ
1137 3709 1174 3776 δὲ
1196 3704 1275 3775 αότδ
1296 3717 1395 3778 τοῦτο
1416 3713 1474 3778 καὶ

364 3810 480 3900 κρίκος
500 3811 658 3877 καλεῖται.
703 3810 815 3901 διεγῆς
834 3808 895 3895 μὲν
917 3803 974 3877 ούν
995 3809 1067 3878 ἐστι
1088 3808 1243 3900 σπείραῆ
1260 3807 1381 3896 ἔχουσα
1396 3812 1474 3894 διά-

436 4077 460 4128 1.
477 4070 545 4127 άλλό
556 4093 585 4126 τι
596 4076 627 4141 F,
638 4070 699 4128 ἀλλ’
714 4070 789 4128 ὀτιΒ
841 4075 866 4126 4.
885 4071 953 4142 αύτῆ
968 4077 1028 4128 libri
1069 4077 1201 4148 χρῆμαΕ
1255 4078 1280 4129 5.
1294 4075 1405 4144 ὀλειψισ
1415 4077 1473 4129 libri

434 4159 459 4210 8.
478 4155 585 4218 ὀίξωνος
595 4159 656 4210 libri
700 4196 701 4199 ¹
760 4158 799 4208 11.
817 4154 1115 4228 παραλληλόγραμμον
1127 4153 1305 4228 ὀρθογώνιον
1317 4157 1376 4209 libri

368 4243 407 4292 ¹2.
426 4235 707 4296 ὀποκαταστάντοςθ
767 4238 807 4290 16.
825 4236 1105 4309 παραλληλόγραμμα
1117 4240 1158 4290 Da
1209 4237 1369 4309 ὀξυγωνίων
1379 4235 1474 4293 κώνων

364 4323 496 4392 γραμμαί
512 4322 563 4385 δας
581 4321 713 4386 legendum
729 4321 841 4373 videtur:
860 4315 1009 4387 ὀξυγώνιοι
1025 4316 1121 4374 κώνων
1131 4323 1219 4391 νομαί
1322 4322 1361 4373 17.
1379 4322 1475 4388 κοινῆς

366 4404 426 4455 libri
498 4403 536 4455 19.
554 4402 690 4455 ἔνίοταιΒ
758 4401 800 4453 23.
818 4401 1024 4473 περιφεριῶνλῐ
1082 4402 1200 4472 στερεῶν
1213 4402 1293 4454 οω,Β
1354 4402 1395 4454 24.
1414 4405 1473 4473 κρί-

366 4497 437 4536 σκου
449 4485 469 4535 Β
555 4484 597 4535 25.
615 4479 647 4535 τὸ
659 4484 774 4552 κέντρον
786 4497 865 4550 usque
877 4483 909 4533 εδ
921 4483 971 4533 τοῦ
983 4477 1085 4534 κύκλου
1097 4499 1145 4535 om.
1158 4485 1178 4535 B
1250 4484 1291 4536 28.
1310 4478 1434 4554 διάλυμα
1444 4484 1473 4548 Β,

368 4561 501 4633 διάλειμα
513 4566 543 4632 F,
556 4566 601 4616 sed
614 4582 637 4618 ει
649 4566 732 4618 tribus
743 4565 843 4632 punctis
856 4572 978 4629 notatum,
992 4560 1137 4633 διάλῆμμα
1148 4563 1189 4615 Da
