3925 5742
722 829 816 881 ωεεο
836 808 1053 884 εεεεοκισυε.
1395 838 1442 888 τω

334 982 419 1064 τνς’·
447 974 493 1050 ῶν
520 982 647 1073 πλευρὰ
673 984 892 1073 τετραγωντκὴ
923 958 1048 1070 γίνεται
1075 984 1180 1064 πόδες
1211 986 1258 1076 ιη’
1286 994 1303 1054 C
1327 986 1369 1055 δ”
1391 987 1444 1080 η’·

335 1084 501 1152 τοσούτων
522 1086 637 1153 ποδῶν
659 1081 754 1152 ἔσται
776 1082 796 1174 ἦ
818 1082 1040 1154 ὑποτείνουσα
1062 1087 1187 1175 πλευρδ
1208 1090 1268 1155 τοῖ
1281 1085 1355 1170 ὑνδς
1369 1091 1446 1160 σκέ-

336 1187 413 1266 λους
440 1186 504 1266 ἕως
528 1187 588 1254 τοὺ
609 1185 712 1272 μέσου
733 1185 875 1276 κέντρου.
920 1186 951 1256 εί
974 1186 1012 1256 δὲ
1033 1188 1147 1269 θέλεις
1167 1188 1206 1257 τδ
1229 1192 1359 1279 στερεόν
1379 1200 1475 1262 τῶνε

335 1287 455 1372 τοίχων
486 1286 604 1374 εὑρεῖν,
636 1287 732 1357 ποίει
758 1287 876 1371 οὑτως·
909 1289 968 1380 τήν
994 1287 1233 1358 ὑποτείνουσαν
1259 1291 1318 1360 έπί
1345 1294 1387 1360 τό
1416 1294 1444 1362 τ’

298 1416 314 1464 5
337 1388 483 1477 γίνονται
512 1389 618 1471 πόδες
645 1390 767 1481 ρπηἘ
795 1390 848 1460 δ”·
879 1389 1003 1460 τούτων
1029 1393 1068 1460 τό
1091 1391 1193 1482 ἥμισυ
1216 1391 1362 1480 γίνονται
1384 1396 1445 1480 qd'

337 1492 383 1559 δ”
403 1492 457 1583 η”·
479 1495 584 1560 ταῦτα
606 1492 666 1560 ἐπὶ
687 1495 727 1560 τό
749 1494 867 1578 πάχος,
890 1493 950 1562 έπὶ
971 1495 1049 1575 τούς
1071 1495 1130 1563 δύο
1154 1493 1276 1576 πόδας,
1299 1495 1453 1584 γίνονταυ

335 1597 418 1685 ρπη’
447 1602 464 1662 t
493 1593 548 1662 δ”·
578 1594 744 1663 τοσούτων
771 1598 885 1664 ποδῶν
911 1592 1007 1664 ἔσται
1033 1597 1073 1664 τό
1102 1598 1232 1688 στερεόν
1253 1605 1313 1666 τοῦ
1334 1595 1445 1682 τοίχου

334 1704 396 1787 τῆς
423 1694 558 1786 πρώτης
587 1699 748 1786 πλευροῖς·
778 1694 862 1766 ἀλλὰ
884 1698 1003 1788 ἐπειδὴ
1028 1697 1060 1766 δ’
1082 1699 1226 1786 πλευρὰς
1247 1695 1314 1784 ἔχει
1336 1699 1355 1785 ἡ
1378 1725 1446 1769 πυ-

335 1798 443 1887 ραμίς,
459 1799 602 1887 γίνονται
623 1801 687 1867 τῶν
710 1799 743 1867 δ’
758 1801 907 1888 πλευρῶν
921 1799 1026 1882 πόδες
1039 1801 1128 1891 ψοέ·
1150 1801 1316 1870 τοσούτων
1330 1805 1446 1873 ποδῶν

282 1916 314 1966 10
335 1899 431 1970 έσται
452 1903 492 1970 τὸ
513 1902 644 1987 στερεὸν
664 1910 730 1969 τῶν
749 1900 869 1985 τοίχων
888 1904 947 1993 τῆς
969 1901 1166 1991 πυραμίδος.

420 2001 463 2071 Εἰ
496 2002 534 2071 δέ
566 2002 682 2084 θέλεις
709 2001 811 2094 εὑρεῖν
836 2010 896 2094 τῆς
921 2006 1037 2094 στέγης
1061 2006 1119 2075 τόν
1144 2005 1312 2093 μόλυβδον
1337 2003 1360 2100 ἢ
1385 2009 1444 2078 τόν
1459 2017 1499 2077 72

334 2107 454 2189 χαλκὸν
481 2101 503 2195 ἢ
528 2106 587 2172 τόν
611 2106 752 2195 κέραμον
773 2108 833 2195 τῆς
855 2104 957 2196 αὐτῆς
978 2108 1180 2196 πυραμίδος,
1210 2109 1305 2178 ποίει
1327 2109 1443 2193 οὑτως·

333 2207 394 2296 την
420 2205 672 2291 ὑποτείνουσαν,
704 2206 855 2274 τουτέστι
881 2208 923 2275 τὰ
953 2208 1002 2298 ιη’
1030 2215 1047 2275 C
1077 2208 1118 2276 δ”·
1144 2209 1196 2299 η”,
1225 2209 1284 2278 ἐπὶ
1310 2214 1388 2293 τούς
1417 2212 1445 2281 ι’
1497 2247 1500 2253 ·

334 2309 445 2388 πόδας
477 2308 622 2398 γίνονται
654 2308 760 2389 πόδες
792 2308 874 2399 ρπη’
902 2316 919 2376 ί
949 2308 1003 2377 δ”·
1037 2310 1162 2378 τούτων
1186 2309 1319 2403 ὑφατρῶ
1344 2315 1384 2381 τό
1412 2322 1444 2382 C·

281 2425 314 2475 15
333 2412 457 2479 λοιπόν
477 2411 614 2497 μένουσι
636 2412 739 2492 πόδες
760 2409 819 2499 (ξδ’
842 2411 883 2479 δ”
905 2410 962 2501 η”·
990 2411 1155 2480 τοσούτων
1177 2415 1292 2482 ποδῶν
1312 2413 1402 2482 ἐστιν
1422 2414 1451 2506 ἡ

333 2513 520 2604 ἐπιφάνεια
540 2517 601 2604 τῆς
621 2514 740 2606 στέγης
759 2523 818 2607 τῆς
840 2513 973 2604 πρώτης
994 2516 1152 2604 πλευρᾶς·
1176 2512 1251 2582 ἀλλ’
1273 2514 1392 2606 ἐπειδὴ
1409 2517 1444 2584 δ’

334 2616 478 2706 πλευρὰς
511 2614 578 2699 έχει
611 2612 632 2706 ἦ
663 2617 824 2704 πυραμίς,
858 2613 940 2701 ὁμοῦ
968 2615 1115 2704 γίνονται
1142 2620 1208 2686 τῶν
1235 2617 1269 2685 δ’
1296 2621 1445 2710 πλευρῶν

335 2718 440 2799 πόδες
459 2719 532 2801 τοζ’
554 2728 588 2788 t·
616 2723 782 2790 τοσούτων
804 2720 899 2790 ἔσται
915 2715 942 2809 ἡ
965 2717 1149 2809 ἐπιφάνεια
1170 2723 1228 2812 τῆς
1249 2722 1367 2814 στέγης
1387 2725 1445 2792 τυῦ

332 2821 501 2907 μολύβδου
521 2818 544 2913 ἢ
563 2831 623 2890 τοῦ
644 2827 766 2907 χαλκοῦ
787 2819 811 2915 ἢ
830 2830 890 2892 τοῦ
904 2821 1047 2912 κερόμυυ
1062 2828 1122 2912 τῆς
1136 2822 1334 2914 πυραμίδος.
1371 2824 1444 2910 [πό-

279 2937 315 2988 2⁰
335 2924 391 3003 δες
411 2922 483 3005 τοζ’
506 2930 534 3007 C,
556 2923 677 3016 ἐπειδη
701 2923 772 2995 ἀπὸ
794 2925 827 3015 γ’
848 2924 1047 3011 έστέγασται
1068 2921 1088 3016 ἡ
1112 2924 1277 3014 πυραμίς]

408 3021 521 3094 Ἔστω
556 3030 705 3118 πυραμίς
736 3028 837 3115 βόσιν
869 3024 990 3111 έχουσα
1021 3026 1223 3117 τετράγωνον
1254 3030 1312 3095 καί
1344 3027 1444 3111 ἐχέτω
1459 3041 1500 3105 73

333 3125 475 3216 έκυίστην
502 3130 647 3217 πλευρόν
673 3127 736 3199 όνοῖ
762 3130 873 3211 πόδας
899 3129 941 3196 ι’·
970 3126 991 3219 ἦ
1019 3128 1057 3197 δέ
1083 3127 1230 3216 πυραμὶς
1256 3128 1358 3214 ἐχέτω
1384 3133 1445 3214 τὰς
1553 3126 1555 3128 ’

333 3231 479 3319 πλευρὰς
500 3226 756 3317 όνακεκλιμένας
777 3229 848 3302 ἀπὸ
869 3233 983 3300 ποδῶν
1005 3229 1052 3318 ιγ’
1076 3237 1109 3297 C·
1133 3229 1236 3321 εὑρεῖν
1255 3234 1315 3321 τῆς
1336 3257 1444 3322 πυρα-

332 3328 432 3417 μίδος
452 3333 511 3422 την
532 3331 677 3401 κάθετον
697 3335 756 3402 καὶ
777 3335 816 3403 τὸ
842 3330 985 3422 στερεόν·
1012 3335 1104 3400 ποιῶ
1126 3329 1243 3413 οὑτως·
1270 3334 1444 3401 πολυπλα-

276 3456 313 3505 25
333 3433 441 3514 σιυίζω
461 3436 521 3501 τοὺ
541 3435 744 3524 τετραγώνου
766 3437 825 3526 την
846 3436 990 3524 πλευρὰν
1011 3430 1066 3524 ἐφ’
1082 3430 1215 3524 ἑαυτήν·
1238 3433 1385 3522 γίνονται
1399 3435 1443 3526 ρ’·

331 3534 458 3602 τούτων
479 3536 519 3604 τό
539 3533 642 3624 ἥμισυ
664 3537 811 3624 γίνονται
832 3536 873 3604 ν’·
896 3539 954 3610 καί
975 3538 1018 3604 τδ
1041 3535 1088 3624 ιγ’
1112 3544 1129 3604 ί
1152 3535 1208 3627 ἐφ’
1222 3535 1322 3621 έαυτδ
1336 3536 1444 3625 γίνον-

331 3662 390 3704 ται
412 3636 517 3718 πόδες
537 3639 621 3728 ρπβ’
644 3639 698 3707 δ”·
722 3637 807 3730 α’ίρω
829 3634 901 3707 ῶπδ
914 3638 1038 3707 τούτων
1051 3640 1093 3705 τὰ
1107 3637 1149 3705 ν’·
1173 3639 1295 3707 λοιπόν
1307 3640 1444 3725 μένουσι

333 3739 439 3819 πόδες
465 3739 539 3829 ρλβ’
562 3741 620 3808 δ”·
647 3733 691 3809 ῶν
719 3742 846 3833 πλευρὰ
872 3741 1091 3832 τετραγωνικη
1118 3738 1244 3827 γίνεται
1265 3740 1371 3822 πόδες
1393 3742 1443 3810 ια’

333 3848 362 3908 ί.
406 3842 445 3909 τό
467 3841 505 3910 δέ
527 3843 657 3932 στερεόν
678 3839 864 3932 εὑρίσκεται
887 3840 1003 3922 οὑτως·
1025 3843 1085 3909 τοὺ
1106 3840 1308 3931 τετραγώνου
1329 3843 1368 3911 τό
1385 3841 1474 3928 έμη

278 3963 313 4015 3⁰
335 3943 443 4030 βαδόν
468 3942 594 4032 γίνεται
623 3944 728 4026 πόδες
753 3945 799 4034 ρ’·
826 3951 932 4013 ταῦτα
957 3943 1220 4025 πολυπλασιόζω
1247 3942 1308 4011 ἐπὶ
1334 3945 1375 4010 τδ
1401 3944 1442 4031 γ’

332 4046 434 4136 μέρος
453 4048 513 4137 τῆς
533 4047 694 4117 καθέτου·
717 4047 864 4136 γίνονται
887 4047 991 4128 πόδες
1005 4046 1094 4137 ,τπγ’
1117 4046 1169 4133 γ”·
1190 4046 1356 4115 τοσούτων
1377 4070 1441 4114 πο-

334 4150 400 4216 δῶν
420 4148 493 4217 έστι
514 4151 554 4218 τό
577 4153 707 4241 στερεόν
726 4153 785 4240 τῆς
806 4148 1003 4240 πυραμίδος.
1050 4151 1175 4234 [ποδῶν
1195 4147 1278 4236 τπγ’
1300 4148 1361 4237 γ”.]

417 4249 600 4339 Πυραμίδα
627 4253 688 4321 ἐπὶ
715 4253 917 4342 τετραγώνου
942 4257 1123 4343 βεβηκυῖαν
1149 4250 1360 4343 μετρήσωμεν
1386 4249 1441 4321 οὑ·-
1455 4264 1497 4326 74

403 4411 426 4460 1.
444 4413 552 4478 γίνεται
563 4409 660 4478 πόδες]
674 4421 807 4481 utrumque
819 4429 865 4481 per
877 4413 1005 4480 compend.
1020 4428 1072 4482 scm
1083 4413 1108 4462 in
1121 4411 1144 4463 G
1213 4413 1237 4465 2.
1250 4406 1353 4477 τοῦ]τό
1367 4410 1390 4463 G

334 4491 375 4542 12.
394 4491 522 4548 ποιεῖςῦ
620 4495 660 4545 14,
680 4491 924 4562 ροεῑδ”ῦτδδ.ἢ
1023 4494 1062 4544 1ῖ.
1080 4491 1223 4561 γίνεταιῶ
1322 4493 1363 4544 29.
1383 4501 1442 4560 post

333 4571 350 4630 ί
373 4577 477 4628 desunt:
497 4574 640 4631 τοσούτων
661 4576 739 4631 ἔσται
758 4575 775 4646 ἡ
796 4576 915 4636 κάθετος
981 4577 1032 4629 τοῦ
1052 4570 1227 4648 τετραγώνου
1247 4571 1335 4638 οὑτως
1350 4577 1393 4657 (ὶί

332 4653 531 4726 wfmG
