3925 5742
827 795 1033 851 emmam.
1435 800 1484 854 125

459 945 595 1076 :bium
638 950 679 1018 τό
698 946 801 1040 ἥμισυ
822 951 881 1040 τὴς
901 949 1033 1036 βάσεως
1053 948 1113 1019 ίπί
1134 951 1174 1019 τὸ
1194 947 1296 1041 ἡμισυ
1310 956 1372 1041 τῆς
1386 973 1482 1039 περι-
1501 973 1527 1012 ιε

370 1152 522 1221 ταεπτά·
543 1160 701 1223 τοσούτω
720 1155 761 1222 τὸ
781 1151 935 1241 ίμβαόόν.
1023 1152 1025 1159 ’

456 1251 592 1337 Ἄλλως.
634 1256 674 1324 τό
700 1257 855 1346 τέταρτον
881 1258 942 1346 τῆς
965 1254 1182 1347 περιφερείας
1207 1255 1268 1334 ἐπί
1294 1257 1354 1344 τὴν
1375 1254 1483 1342 βάσιν,
1503 1277 1528 1316 ιε

334 1375 349 1424 ⁵
370 1351 474 1447 ἡχουν
493 1358 536 1424 τά
558 1356 587 1425 ε’
608 1363 629 1424 8
650 1357 710 1426 ἐπὶ
731 1358 773 1425 τά
795 1356 854 1441 ιδ’,
878 1355 1025 1447 γίνονται
1045 1359 1103 1425 καί
1119 1356 1224 1438 ούτως
1238 1355 1483 1446 ἑβδομηκοντα-

370 1459 476 1525 επτά·
496 1458 663 1528 τοσούτων
684 1456 781 1528 ἔσται
802 1455 954 1543 σχοινίων
973 1461 1013 1528 τά
1035 1456 1184 1546 ἐμβαδὸν
1197 1466 1257 1529 τοῦ
1269 1456 1481 1550 ἡμικυκλίου·

371 1551 416 1626 ὧν
437 1561 479 1628 τό
498 1560 602 1650 ἥμισυ
624 1558 720 1632 ἔσται
742 1559 761 1630 ό
783 1560 956 1648 μυδισμός.

435 1765 536 1854 Περὶ
556 1763 772 1855 τμημάτων
792 1763 939 1833 κύκλου
961 1760 1136 1855 ἡττόνων
1154 1763 1406 1855 ἡμικυκλίου.
1471 1783 1554 1840 (xvn)

465 1890 587 1975 Τμῆμα
618 1884 740 1953 κύκλου
773 1882 909 1954 ἔλαττον
938 1881 1153 1974 ἡμικυκλίου,
1180 1871 1226 1953 ὀὗ
1251 1884 1271 1975 ἡ
1299 1885 1359 1972 μὲν
1382 1883 1485 1970 βάσις
1499 1890 1540 1952 94

318 1998 351 2049 10
372 1985 528 2070 σχοινίων
563 1985 624 2069 ις’,
648 1983 669 2078 ἡ
697 1989 735 2055 δὲ
761 1985 907 2067 κάθετος
934 1983 1088 2070 σχοινίων
1114 1985 1157 2069 ς’.
1196 1983 1299 2072 εύρεῖν
1325 1983 1485 2055 αὐτοῦτὸ

371 2087 536 2175 ίμβαόόν·
559 2087 654 2157 ποίει
675 2086 793 2169 οὕτως·
817 2087 937 2168 σόνθες
957 2088 1058 2175 βάσιν
1078 2088 1137 2156 καί
1158 2088 1315 2156 κάθετον·
1339 2086 1485 2176 γίνονται

369 2189 438 2277 νβ’·
461 2181 507 2256 ὧν
525 2190 566 2258 τό
586 2188 689 2280 ἡμισυ
711 2188 838 2278 γίνεται
861 2189 922 2258 ια’·
943 2192 1049 2258 ταῦτα
1070 2189 1131 2258 ἐπί
1151 2191 1210 2280 τὴν
1224 2190 1369 2259 κάθετον
1384 2186 1486 2278 ἡχουν

370 2290 434 2360 ἐπὶ
460 2293 503 2359 τό
529 2290 563 2374 ς’
585 2289 731 2379 γίνονται
758 2290 820 2373 ξς’·
848 2290 992 2381 καὶτῆς
1018 2290 1149 2377 βάσεως
1172 2290 1211 2358 τό
1234 2287 1336 2381 ἡμισυ
1358 2288 1484 2377 γίνεται

372 2390 479 2462 όκταί·
501 2395 605 2461 ταῦτα
626 2391 685 2484 ἐφ’
709 2390 811 2462 ἑαυτά
834 2390 979 2481 γίνονται
1002 2390 1064 2474 ξδ’·
1091 2384 1138 2459 οἷν
1159 2392 1198 2459 τὸ
1222 2391 1280 2460 ιδ’
1302 2389 1428 2478 γίνεται
1450 2389 1485 2459 δ’

320 2511 352 2561 15
372 2501 395 2562 8
418 2493 486 2562 ιδ’·
512 2497 617 2564 ταῦτα
637 2494 759 2577 σύνθες
778 2500 850 2577 τοῖς
870 2494 932 2578 ξς’·
960 2493 1106 2582 γίνονται
1130 2493 1162 2561 ο’
1182 2499 1204 2560 8
1227 2493 1293 2561 ιδ’·
1321 2493 1486 2562 τοσούτων

371 2594 471 2665 ἔσται
494 2595 647 2682 σχοινίων
665 2599 706 2666 τό
727 2597 875 2686 ίμβαόόν
894 2599 954 2666 τοῦ
974 2595 1156 2686 τμήματος·
1181 2583 1227 2662 ὦν
1245 2594 1284 2664 τό
1306 2592 1409 2685 ἡμισυ
1432 2593 1485 2681 χί-

370 2723 465 2766 νεται
488 2699 538 2766 λε’
561 2698 603 2767 δ”
624 2699 697 2789 κη’,
720 2700 780 2768 καί
800 2697 873 2768 ἔστι
894 2701 953 2788 γῆς
972 2696 1101 2785 μοδίων
1121 2695 1297 2766 τοσούτων.

431 2798 533 2869 ’Ἐάν
564 2800 603 2870 δὲ
633 2802 738 2928 θέλὴς
764 2800 825 2869 καί
850 2802 910 2890 τὴν
940 2797 1138 2889 περίμετρον
1164 2795 1240 2923 ἡτοι
1266 2797 1514 2926 περιφέρειανε

369 2904 432 2970 τοῦ
459 2902 612 2972 τοιούτου
637 2902 810 3028 τμήματος
836 2897 954 2991 εὑρεῖν,
977 2898 1121 3026 ποίὴσον
1144 2898 1262 2982 ούτως·
1290 2901 1333 2968 τά
1356 2898 1403 2982 ις’
1424 2906 1484 2990 τῆς

317 3023 351 3072 20
372 3003 541 3130 βάσεωςί
528 3001 581 3172 lq?
601 3001 703 3072 ἑαυτά
724 3001 871 3090 γίνονται
892 3002 974 3085 σνς’
997 3029 1056 3070 και
1046 3001 1173 3084 τός’
1187 3004 1245 3092 τῆς
1263 2998 1484 3092 καθέτουέφ’

370 3103 474 3173 ἑαυτα
507 3104 654 3192 γίνονται
681 3105 744 3188 λς’·
776 3112 881 3174 ταῦτα
905 3104 1056 3195 τετράκις
1084 3105 1230 3193 γίνονται
1256 3106 1344 3194 ρμδ’·
1378 3108 1483 3173 ταῦτα

371 3207 526 3297 πρόσθες
545 3213 617 3290 τοῖς
638 3207 719 3292 σνς’
741 3206 952 3296 χίνονταιυ·
934 3200 1021 3274 ’·ὦν
1042 3207 1167 3296 πλευρά
1188 3207 1408 3297 τετραχωνικὴ
1431 3206 1483 3294 χί-

370 3335 465 3379 νεται
493 3311 534 3379 κ’·
563 3304 636 3379 εἶτα
663 3309 747 3397 λάβε
771 3312 838 3378 τῶν
861 3331 882 3392 ς
889 3308 977 3399 ’τῆς
998 3308 1143 3377 καθέτου
1164 3309 1204 3377 τό
1227 3308 1267 3377 δ”
1269 3334 1277 3349 ·
1300 3307 1425 3397 γίνεται
1448 3307 1483 3374 α’

371 3418 407 3480 8·
434 3414 533 3481 τοῦτο
559 3412 713 3503 πρόσθες
737 3417 809 3494 τοῖς
829 3410 875 3478 κ’·
905 3409 1051 3499 χίνονται
1073 3407 1158 3497 όμού
1178 3410 1290 3480 κα’8·
1317 3408 1484 3480 τοσούτων

319 3531 352 3581 25
375 3512 528 3598 σχοινίων
549 3511 647 3584 ἔσται
667 3511 688 3605 ἡ
711 3513 916 3604 περίμετρος

450 3615 583 3708 Ἕτερον
603 3624 718 3708 τμῆμα
739 3614 879 3687 ἔλασσον
898 3607 1167 3708 ἡμικυκλίου,
1128 3642 1165 3686 ου
1179 3611 1317 3707 ἡβάσις
1331 3615 1484 3702 σχοινίων
1498 3626 1538 3688 95

374 3719 438 3808 ιβ’,
464 3716 485 3810 ἡ
513 3719 551 3790 δὲ
575 3719 724 3804 κάθετος
748 3718 968 3805 σχοινίωνδῖ
1011 3717 1116 3808 εὑρεῖν
1133 3716 1239 3787 αύτοῦ
1260 3720 1300 3787 τό
1321 3718 1482 3807 ἐμβαόόν·

373 3820 519 3912 ποίησον
545 3819 664 3904 οίίτως·
692 3821 813 3902 σύνθες
838 3820 941 3906 βάσιν
967 3822 1025 3889 καί
1052 3821 1214 3889 κάθετον·
1251 3820 1397 3908 γίνονται
1424 3821 1481 3903 ις’·

373 3916 420 3990 ὧν
441 3922 545 4014 ἡμισυ
567 3920 692 4011 γίνεται
714 3922 759 4015 η’·
780 3924 886 3991 ταῦτα
906 3923 967 3992 ἐπὶ
987 3925 1030 3990 τά
1053 3921 1085 3990 δ’
1099 3924 1160 4012 τὴς
1173 3921 1321 3990 καθέτου
1336 3923 1481 4010 χίνονται

322 4040 354 4091 30
375 4024 441 4112 λβ’·
468 4024 526 4094 καί
546 4027 604 4115 τῆς
624 4024 754 4112 βάσεως
773 4025 814 4095 τό
836 4022 939 4114 ἡμισυ
962 4024 1087 4112 γίνεται
1108 4023 1151 4105 ς’·
1178 4025 1282 4091 ταῦτα
1303 4021 1361 4113 ἐφ’
1382 4021 1483 4092 ἑαυτά

373 4125 522 4215 γίνονται
549 4127 613 4210 λς’·
641 4119 686 4197 ὧν
710 4128 751 4198 τὸ
777 4126 835 4196 ιδ’
862 4125 988 4214 γίνεται
1015 4124 1051 4213 β’
1072 4131 1093 4193 8
1115 4124 1182 4192 ιδ’·
1208 4126 1313 4193 ταῦτα
1334 4123 1484 4213 πρόσθες

443 4383 469 4435 2.
489 4378 644 4443 ζἐῑοζἸ)
695 4382 720 4434 3.
732 4375 907 4434 τοσούτωνῙ)
959 4380 984 4430 4.
1002 4377 1034 4431 τὸ
1049 4373 1120 4431 (VD
1172 4377 1197 4427 5.
1216 4373 1293 4438 οζἸ)
1345 4370 1483 4430 8.κύκλου

372 4459 497 4530 ἡττόνων
513 4459 686 4533 ἡμικυκλίου]
703 4458 868 4532 ἡμικυκλίου
883 4456 1036 4514 ἐλαττόνων
1051 4460 1072 4510 D
1160 4458 1200 4510 11.
1217 4455 1269 4526 τὴν
1278 4453 1364 4524 βάσιν
1374 4456 1421 4509 καὶ
1432 4453 1484 4524 τὴν

371 4540 530 4599 κάθετονλ)
611 4546 651 4597 14.
670 4539 734 4610 η’Ῑ)
809 4544 848 4596 15.
866 4537 916 4595 ιό”
929 4543 1009 4610 prius]
1023 4537 1112 4612 ρ8”1)
1183 4539 1222 4592 16.
1241 4537 1319 4591 ἔσται
1332 4539 1415 4592 οιαί)

374 4627 416 4678 18.
435 4629 609 4700 περίμετρον
618 4621 681 4694 ἡτοι
692 4624 776 4679 ασελ)
843 4625 886 4676 25.
903 4620 920 4692 ἡ
933 4641 982 4677 om.
996 4625 1018 4676 Ι)
1085 4623 1127 4674 27.
1146 4616 1232 4675 αὐτοῦ
1244 4638 1292 4675 om.
1306 4623 1327 4673 D
