3925 5742
765 789 859 841 LIBER
879 788 1096 842 GEEPONICUS.
1436 792 1485 842 215

374 968 487 1010 νονται
508 940 614 1021 πόδες
634 942 696 1031 τη’·
719 941 777 1009 καί
798 941 943 1010 πάντοτε
963 940 1079 1029 μέριζε
1099 943 1293 1023 καθολικῶς
1315 944 1409 1031 παρὰ
1430 945 1487 1012 τδν
1516 1006 1519 1012 .
1545 979 1546 984 ·

375 1045 404 1126 ζ’
430 1043 609 1129 [τουτέστιν
630 1035 675 1110 ὧν
697 1043 758 1127 ζ”]·
780 1041 928 1134 γίνονται
947 1043 1017 1128 μδ’·
1041 1039 1137 1111 ἔσται
1158 1041 1178 1134 ἡ
1201 1043 1401 1136 περίμετρος
1421 1071 1486 1116 πο·

375 1149 441 1214 δῶν
461 1145 530 1231 μδ’.

448 1245 560 1315 ’Έστω
582 1245 707 1329 κύκλος,
731 1237 771 1314 οὑ
792 1243 814 1336 ἡ
837 1244 1034 1337 περίμετρος
1056 1247 1171 1314 ποδῶν
1193 1246 1243 1313 π’·
1267 1247 1371 1339 εὑρεῖν
1385 1247 1485 1319 αὑτοῦ
1500 1261 1540 1324 60

335 1351 434 1439 5·τῃ“ν
460 1347 650 1435 διοίμετρον·
681 1348 774 1415 ποιῶ
804 1344 920 1426 οὑτως·
950 1346 1095 1415 πάντοτε
1120 1349 1179 1437 τήν
1205 1348 1400 1442 περίμετρον
1425 1351 1486 1420 ἐπὶ

373 1453 417 1519 τοί
440 1449 479 1531 ζ’·
502 1448 647 1537 γίνονται
668 1448 737 1539 ρξ’·
759 1446 895 1536 μερίζω·
919 1437 965 1515 ῶν
986 1450 1025 1516 τὸ
1047 1448 1121 1536 κβ”·
1144 1448 1291 1538 γίνονται
1313 1452 1417 1535 πόδες
1436 1455 1489 1523 κε’

376 1559 409 1618 t·
433 1548 531 1620 ἔσται
552 1549 573 1640 ἦ
598 1550 775 1639 διάμετρος
795 1552 855 1619 τού
875 1549 994 1620 κύκλου
1017 1553 1131 1620 ποδῶν
1151 1553 1200 1621 κε’
1225 1561 1251 1621 C.

448 1649 561 1721 ’Ἔστω
587 1652 704 1732 κύκλος
729 1644 770 1720 οὑ
797 1649 818 1742 ἡ
846 1651 1025 1743 διάμετρος
1051 1655 1165 1721 ποδῶν
1192 1655 1210 1736 ζ

374 1755 572 1844 περίμετρος
604 1752 792 1843 εὑρίσκεται
823 1755 908 1820 κατὰ
939 1755 999 1844 τήν
1030 1757 1321 1846 προγεγραμμένην
1350 1754 1487 1827 ἔκθεσιν

323 1879 355 1929 10
377 1859 493 1925 ποδῶν
519 1856 589 1942 κβ’·
618 1856 744 1937 παντὸς
765 1856 825 1945 γὰρ
848 1854 967 1923 κύκλου
989 1856 1187 1946 περίμετρος
1206 1858 1406 1949 τριπλοίσιον
1426 1861 1485 1928 καί
1591 1901 1592 1904 ¹

374 1957 518 2046 ἕβδομόν
539 1958 612 2026 ἐστι
632 1960 692 2047 τῆς
714 1955 907 2045 διαμέτρου·
929 1957 987 2025 ἐὰν
1009 1951 1067 2026 οὑν
1080 1960 1183 2049 θέλῃς
1199 1958 1301 2048 εὑρεῖν
1315 1962 1372 2049 τήν
1387 1959 1485 2051 περί·

371 2086 491 2147 μετρον
513 2056 583 2128 ὑπὸ
604 2063 662 2149 τῆς
684 2058 872 2146 διαμέτρου,
893 2058 1139 2148 τριπλασίασον
1159 2063 1236 2142 τοὺς
1258 2061 1288 2143 ζ’
1304 2061 1415 2142 πόδας
1427 2065 1486 2153 τῆς

374 2163 570 2250 διαμέτρου·
593 2160 738 2248 γίνονται
760 2160 864 2240 πόδες
884 2161 951 2228 κα’·
973 2163 1032 2229 καί
1054 2163 1208 2248 πρόσθες
1228 2164 1361 2244 τούτοις
1381 2166 1420 2232 τὸ
1445 2166 1486 2247 ζ’

371 2268 431 2353 τῆς
453 2260 553 2353 αὑτῆς
574 2265 768 2350 διαμέτρου·
798 2260 923 2350 γίνεται
946 2265 1032 2343 ποὺς
1054 2266 1099 2332 α’·
1125 2264 1268 2352 γίνονται
1290 2264 1397 2346 πόδες
1417 2267 1484 2354 κβ’·

319 2393 352 2442 15
373 2365 540 2434 τοσούτων
561 2366 678 2433 ποδῶν
699 2362 796 2432 ἔσται
817 2361 837 2453 ἡ
860 2361 1066 2454 περίμετρος.

455 2465 529 2534 Ἐὰν
557 2465 662 2558 θέλῃς
688 2463 790 2558 εὑρεῖν
817 2463 889 2534 οῖπδ
914 2474 972 2554 τῆς
994 2466 1194 2556 περιμέτρου
1216 2467 1274 2556 τήν
1296 2467 1482 2554 διάμετρον,
1498 2481 1539 2544 62

371 2571 448 2650 τοὺς
469 2569 524 2656 κβ’
547 2568 659 2649 πόδας
678 2576 739 2659 τῆς
760 2567 960 2656 περιμέτρου
981 2567 1118 2656 μέρισον
1139 2569 1232 2658 παρδ
1253 2570 1312 2637 τὸν
1332 2569 1403 2656 νβ’·
1432 2568 1484 2657 γί-

371 2696 464 2739 νεται
492 2671 578 2749 πσὺς
606 2669 653 2736 α’·
683 2677 799 2738 τοῦτον
824 2666 1115 2738 ὑπταπλασίασον·
1142 2669 1288 2757 γίνονται
1316 2672 1421 2752 πόδες
1443 2672 1483 2754 ζ’·

372 2772 539 2844 τοσούτων
559 2769 655 2841 έσται
676 2768 697 2863 ἡ
721 2771 907 2862 διάμετρος.
1430 2769 1431 2772 “

315 2902 351 2952 2⁰
456 2872 531 2942 Ἐὰν
557 2872 663 2964 θέλῃς
691 2871 762 2941 δπδ
787 2881 846 2963 τῆς
868 2873 1048 2959 διαμέτρου
1069 2873 1110 2941 τὸ
1129 2872 1278 2959 ἐμβαδὸν
1299 2871 1403 2962 εὑρεῖν
1423 2883 1490 2944 τοὺ
1498 2884 1540 2948 63

372 2978 509 3060 κύκλου,
536 2976 613 3054 τοὺς
641 2972 671 3056 ζ’
698 2974 809 3055 πόδας
834 2976 895 3064 τῆς
922 2973 1101 3064 διαμέτρου
1128 2975 1405 3045 πολοπλασίασον
1426 2974 1484 3069 ἐφ’

371 3076 524 3158 ἑαυτούς·
548 3074 691 3165 γίνονται
714 3075 820 3156 πόδες
839 3076 914 3161 μθ’·
937 3077 1076 3157 τούτους
1089 3074 1411 3145 ένδεκαπλασίασον·
1434 3078 1485 3166 yl·

372 3182 485 3249 νονται
511 3179 615 3260 πόδες
640 3177 743 3268 φλθ’·
770 3178 896 3246 τούτων
921 3179 960 3246 τὸ
989 3177 1045 3245 ιδ’
1073 3174 1219 3264 γίνονται
1246 3176 1350 3258 πόδες
1371 3180 1425 3268 λη’
1448 3186 1483 3245 t·

372 3282 537 3352 τοσούτων
558 3278 654 3349 ἔσται
674 3281 714 3347 τὸ
736 3279 885 3365 έμβαδδν
905 3282 965 3347 τοὺ
986 3280 1114 3346 κύκλου.

317 3408 352 3459 25
454 3381 532 3451 Ἐοίν
553 3381 656 3472 θέλῃς
677 3378 749 3449 α’πδ
770 3387 830 3471 τῆς
850 3381 1051 3471 περιμέτρου
1066 3381 1106 3448 τὸ
1120 3379 1266 3467 ἐμβαδὸν
1279 3378 1392 3472 εὑρεῖν,
1407 3383 1483 3465 τούς
1496 3395 1537 3458 64
1609 3393 1614 3409 “

373 3485 429 3572 κβ’
450 3484 562 3565 πόδας
581 3490 640 3574 τῆς
661 3481 860 3573 περιμέτρου
882 3478 1161 3556 πολοπλασίασον
1181 3478 1237 3572 ἐφ’
1258 3479 1409 3563 ἑαυτούς·
1432 3482 1484 3572 γί-
1537 3557 1539 3561 ,

372 3613 486 3657 νονται
507 3584 613 3666 πόδες
633 3585 724 3653 τπδ’·
746 3582 884 3664 τούτους
902 3581 1195 3651 ὑπταπλσσίασον·
1218 3582 1485 3671 γίνονταιπόδες

372 3689 485 3780 ,γτπνβ
497 3739 506 3756 .
519 3687 612 3778 ..λη’
636 3694 668 3757 t·
691 3685 857 3755 τοσούτων
878 3684 974 3754 ἔσται
995 3687 1110 3754 ποδῶν
1130 3685 1170 3755 τό
1192 3683 1347 3772 ίμβαδόν.

457 3789 571 3880 Ἄλλη·
584 3788 736 3876 μέθοδος
761 3790 908 3878 δῃλοὺσα
936 3789 995 3856 διδ
1015 3796 1074 3879 τῆς
1095 3786 1296 3876 περιμέτρου
1317 3788 1356 3856 τδ
1378 3788 1482 3874 ἐμβα·
1498 3805 1538 3865 65

317 3919 353 3969 3ο
376 3895 436 3964 δδν
457 3901 516 3962 τοῦ
537 3892 665 3960 κύκλου.

459 3994 619 4084 Πρόσθες
640 3996 712 4073 τοῖς
732 3991 789 4078 κβ’
811 3991 896 4061 ποσί
916 3994 975 4081 τῆς
997 3990 1198 4078 περιμέτρου
1219 3990 1319 4078 μέρος
1340 3987 1482 4061 αὑτῶν(

376 4097 428 4166 δ”·
452 4095 598 4185 γίνονται
620 4095 727 4174 πόδες
750 4093 797 4175 ις’
814 4101 848 4160 t·
870 4090 952 4179 ὑμοῦ
966 4092 1070 4172 πόδες
1084 4090 1139 4181 λη’
1155 4099 1187 4158 ί·
1209 4092 1373 4163 τοσούτων
1387 4088 1484 4171 ἔσται

374 4203 414 4270 τδ
435 4197 593 4286 ῖμβοδόν.

383 4311 577 4325 ..—‘—-——

335 4411 337 4414 γ
446 4344 469 4395 1.
487 4338 622 4409 περ’]τῖιίὶ
693 4339 717 4390 2.
736 4323 793 4407 &G
864 4339 887 4389 7.
901 4336 980 4389 ἔσται
992 4339 1040 4388 hoc
1052 4337 1109 4387 Ιουο
1122 4335 1227 4402 primum
1240 4345 1310 4389 reete
1322 4335 1432 4388 habetG

377 4448 418 4499 14.
431 4439 511 4510 ποὺς]
523 4446 571 4496 hoc
583 4445 659 4497 etiam
670 4444 728 4495 Ιοοο
742 4423 762 4495 ὑί
776 4441 851 4517 ὑσίιοε
864 4439 886 4492 G
903 4439 978 4504 (conf.
993 4441 1025 4492 ad
1037 4455 1091 4506 cap.
1104 4439 1147 4504 46)
1227 4443 1363 4509 γίνονται]
1377 4443 1484 4510 γίνεται

374 4534 407 4597 ο,
420 4533 466 4584 ιιι
479 4548 491 4583 ε
503 4530 586 4582 tribus
598 4530 698 4597 punctis
710 4535 822 4586 notatum
908 4522 962 4593 κε’]
975 4514 1046 4579 ἷεσ
1134 4525 1173 4575 15.
1191 4525 1232 4577 ει.
1251 4525 1292 4577 νε.
1312 4526 1354 4578 ευ.
1375 4525 1484 4582 zama

445 4612 485 4663 28.
505 4619 564 4678 post
581 4607 677 4682 ,ymn'
695 4612 756 4661 haec
773 4608 828 4660 fere
846 4610 1006 4661 exciderunt:
1024 4608 1140 4679 μερίζω·
1159 4593 1197 4661 ῶν
1213 4606 1244 4659 τὸ
1263 4601 1335 4674 πη”·
1357 4612 1489 4678 γίνονται,
