3925 5742
826 780 1016 835 Perusino
1415 805 1474 848 m,

363 936 547 1024 exemplum
570 934 753 1002 describere
778 959 875 1024 quam
902 944 1024 1002 temere
1047 937 1222 1025 praeterire
1245 937 1332 1004 hunc
1354 937 1473 1004 librum

363 1042 587 1129 geoponicum,
612 1041 668 1129 qui
683 1065 749 1109 non
764 1042 913 1110 ultimum
929 1043 1129 1110 auctoritatis
1143 1043 1251 1110 locum
1267 1044 1352 1109 inter
1366 1043 1472 1109 Hero·

362 1146 475 1212 nianas
499 1147 652 1235 reliquias
676 1147 830 1215 obtineat.

450 1251 545 1317 VIII.
592 1252 759 1319 Infinitum
788 1276 892 1341 paene
920 1253 1065 1320 laborem
1094 1256 1202 1321 attulit
1228 1254 1308 1321 mihi
1330 1253 1473 1321 Heronis

362 1357 590 1444 gravissimum
623 1357 702 1425 illud
735 1359 917 1440 theorema,
954 1383 1018 1447 quo
1052 1383 1169 1427 areae
1202 1358 1474 1447 triangularis

361 1487 551 1530 mensura
585 1487 626 1529 ex
658 1464 762 1531 tribus
790 1465 944 1531 lateribus
974 1465 1122 1538 efficitur.
1175 1465 1271 1546 Quod
1301 1464 1362 1531 etsi
1389 1464 1474 1531 inter

360 1570 503 1636 Heronis
538 1572 658 1658 scripta
692 1572 891 1659 geometrica
920 1595 987 1637 non
1014 1572 1236 1655 inveniebam,
1270 1582 1379 1639 tamen
1407 1592 1473 1636 non

360 1677 571 1743 dubitandum
595 1699 666 1742 esse
690 1677 889 1760 existimavi,
913 1677 992 1764 quin
1014 1676 1047 1742 id
1071 1699 1112 1742 ex
1135 1678 1278 1745 eiusdem
1301 1677 1384 1744 libro
1407 1670 1473 1759 περὶ

361 1778 519 1865 bidumos,
545 1783 597 1847 cui
619 1784 727 1849 medio
751 1792 801 1849 est
823 1784 864 1849 ab
887 1783 1118 1872 interpolatore
1141 1786 1282 1873 quodam
1304 1783 1471 1866 insertum,

360 1889 445 1954 inter
478 1888 537 1953 has
572 1889 786 1977 geometricas
821 1888 973 1976 reliquias
1009 1888 1197 1977 reciperem.
1248 1890 1335 1957 Nam
1368 1898 1472 1956 totum

361 2004 486 2082 spectat
521 1995 561 2060 ad
590 1995 897 2063 demonstrationem
926 1994 1175 2081 geometricam,
1210 2019 1249 2062 ac
1276 2018 1355 2062 vero
1385 1993 1472 2061 idem

360 2101 494 2166 maximi
519 2109 567 2167 est
589 2102 743 2166 momenti
760 2102 800 2167 ad
823 2124 951 2167 omnem
973 2099 1139 2167 historiam
1160 2100 1471 2181 mathematicorum,

360 2206 393 2271 id
417 2208 504 2294 quod
527 2206 590 2272 alio
613 2206 684 2273 loco
708 2208 839 2274 uberius
864 2204 1051 2293 exposui1).

449 2313 511 2378 Est
534 2313 666 2378 Parisiis
697 2313 800 2380 codex
824 2312 883 2379 Gr.
907 2313 996 2376 2430
1021 2311 1209 2377 chartaceus
1231 2310 1471 2378 recentissimus

361 2417 441 2507 (sec.
458 2417 572 2506 XVI),
603 2420 659 2507 qui
689 2419 832 2486 continet
846 2407 974 2500 ’Ἧρωνος
993 2412 1204 2501 Ἀλεξανδρέως
1227 2410 1411 2503 Πνευματικά
1440 2426 1473 2483 et

359 2520 575 2610 Βελοποιητικᾶ
606 2535 703 2613 atque
726 2525 802 2590 inde
825 2548 845 2590 a
867 2525 922 2590 fol.
945 2525 987 2590 79
1011 2523 1155 2590 eiusdem
1177 2523 1296 2590 librum
1319 2518 1385 2607 aspi
1408 2518 1471 2588 διό-

361 2656 464 2713 πτρας,
488 2631 528 2695 de
544 2654 608 2718 quo
624 2630 698 2697 vide
714 2630 891 2697 Martinum
906 2653 938 2717 p.
956 2630 998 2695 88
1008 2652 1050 2694 ss.
1097 2626 1162 2694 Hic
1178 2630 1233 2695 fol.
1252 2629 1470 2694 107⁸-108·

359 2737 480 2824 legitur
512 2759 663 2803 mensura
697 2736 867 2824 trianguli:
906 2730 1054 2819 Τριγώνου
1090 2733 1231 2802 δοθεισῶν
1260 2734 1315 2799 τῶν
1342 2735 1470 2820 πλευρῶν

360 2836 447 2926 εὑρεῖν
483 2838 516 2905 τὸ
552 2837 675 2928 ἐμβαὸόν
710 2852 770 2909 etc.
822 2840 928 2921 Quam
963 2841 1155 2929 particulam
1184 2863 1258 2907 cum
1287 2842 1469 2910 describere

361 2949 551 3037 coepissem,
575 2972 652 3014 mox
676 2949 816 3037 cognovi
839 2958 905 3013 tem
928 2947 1031 3013 multa
1053 2947 1189 3014 obscure
1214 2956 1247 3014 et
1271 2957 1420 3037 corrupte
1435 2948 1470 3015 in

360 3054 474 3121 codiee
508 3064 640 3122 exarata
675 3078 761 3138 esse,
796 3063 832 3121 ut
866 3077 904 3120 ee
937 3053 1001 3119 nisi
1032 3053 1187 3141 peculiari
1217 3078 1296 3121 eura
1323 3055 1470 3143 impensa

359 3160 526 3247 multoque
559 3171 704 3248 tempore
735 3168 924 3246 consumpto
955 3159 1062 3226 sanari
1091 3182 1157 3226 non
1186 3170 1327 3248 possent
1373 3158 1470 3240 Quod

361 3266 463 3331 otium
486 3266 561 3353 quia
583 3266 716 3332 Parisiis
739 3265 818 3330 mihi
840 3264 990 3330 nonfuit
1012 3287 1212 3347 eoncessum,
1236 3274 1313 3330 tunc
1327 3265 1362 3330 in
1377 3287 1468 3353 prac-

361 3372 465 3439 sentia
488 3396 599 3439 omnes
622 3372 801 3439 litterarum
825 3379 858 3435 et
881 3369 1145 3456 compendiorum
1167 3369 1281 3435 ductus
1304 3391 1402 3457 quam
1417 3392 1469 3435 ae·

363 3479 563 3545 curatissime
593 3478 683 3567 potui
713 3475 862 3564 depinxi,
889 3486 1002 3562 postea
1030 3497 1108 3540 vero
1131 3461 1282 3542 Venturii
1307 3475 1390 3541 libro
1414 3474 1468 3541 ad-

361 3583 463 3652 hibito
476 3584 508 3670 ²)
538 3584 657 3649 codicis
687 3584 879 3671 scripturam
909 3580 1080 3648 emendare
1102 3580 1234 3647 institui.
1281 3579 1355 3661 Qua
1377 3582 1411 3647 in
1433 3604 1469 3648 re

362 3700 442 3777 quot
464 3700 497 3755 et
519 3702 659 3778 quantae
681 3690 886 3756 difficultates
909 3686 989 3752 mihi
1012 3685 1204 3769 obstiterint,
1228 3709 1308 3774 quas
1324 3687 1470 3775 superari

361 3818 457 3884 posse
486 3797 585 3862 semel
614 3806 710 3883 atque
736 3796 853 3861 iterum
876 3794 1097 3882 desperarem,
1127 3794 1267 3862 alienum
1290 3802 1340 3859 est
1361 3792 1470 3860 dicere

361 3902 425 3967 hoc
452 3903 541 3988 loco,
569 3902 627 3967 sed
657 3903 788 3968 tandem
817 3901 990 3990 aliquando
1021 3924 1059 3967 eo
1081 3901 1232 3989 perveni,
1261 3910 1298 3967 ut
1321 3900 1470 3968 omnibus

362 4006 538 4095 scripturae
567 4006 654 4073 vitiis
683 4008 817 4073 sublatis
842 4008 1018 4094 genuinum
1042 4008 1245 4096 splendorem
1267 4007 1470 4074 restituerem

360 4115 656 4202 praestantissimae
679 4114 821 4180 Heronis
849 4113 1124 4181 demonstrationi.
1170 4114 1222 4179 Ac
1248 4114 1403 4201 primum,
1434 4122 1471 4179 ut

382 4241 563 4249 ‚Vm-

435 4311 462 4375 1)
482 4311 629 4376 Zeitscbsast
638 4310 692 4375 sr's'r
708 4310 877 4361 Mathematilc
889 4327 915 4364 cr.
926 4310 1024 4378 Psyra
1033 4329 1056 4361 v.
1067 4310 1227 4374 Sauromates,
1240 4309 1314 4360 Kobl
1324 4325 1350 4361 a.
1364 4307 1470 4362 Cantor.

363 4394 388 4446 9.
402 4394 546 4462 Joltrqarsp.
585 4392 663 4448 1864.
700 4411 726 4462 p.
739 4393 791 4446 225
800 4391 882 4445 -49.

434 4478 462 4543 2)
482 4478 585 4533 Giamb.
604 4478 732 4545 Venturi,
757 4479 935 4546 Commentarj
959 4491 1041 4546 sopra
1062 4475 1089 4529 la
1113 4478 1196 4531 storia
1219 4493 1234 4531 e
1260 4476 1286 4530 le
1304 4476 1389 4531 teorie
1407 4474 1471 4530 dell’

363 4563 455 4617 ottioa.
493 4565 568 4618 Tom.
582 4564 602 4615 1.
639 4562 761 4630 Bologna
779 4561 856 4615 1814.

418 4654 471 4693 Her.
491 4663 564 4701 geom.
580 4654 604 4690 et
619 4654 724 4718 stereon.
1245 4651 1268 4705 B
