3925 5742
799 741 1005 795 GEOMETRIA.
1423 739 1452 793 81

339 899 393 968 λε’
416 899 477 983 ξδ’
499 898 562 983 ξδ’
584 895 802 988 ἑξηκονταδύο
823 896 882 965 καὶ
903 896 958 983 ξδ’
979 894 1041 978 ξδ’
1056 895 1118 978 ξδ’
1131 902 1198 962 τῶν
1212 895 1272 977 ξδ’
1286 894 1357 976 ξδ’.
1392 918 1456 964 τιο-
1483 927 1495 966 τ

339 1002 629 1084 λυττλασιάζονται
657 998 695 1068 δὲ
719 996 836 1079 οὕτως·
866 998 902 1066 δ’
930 998 960 1080 ζ’
988 996 1052 1088 κη’·
1080 998 1138 1064 καὶ
1163 997 1382 1094 τετράκιςιτοὶ
1403 981 1457 1083 ξδ’

342 1104 409 1187 ξδ’
430 1105 491 1187 ξδ’
513 1101 594 1194 σμη’
616 1102 677 1185 ξδ’
700 1101 771 1183 ξδ’·
793 1101 852 1168 καὶ
872 1100 924 1188 λγ’
946 1100 1006 1182 ξδ’
1029 1099 1090 1182 ξδ’
1110 1107 1177 1167 τῶν
1197 1097 1284 1168 διττά
1305 1097 1459 1187 μονάδων

342 1205 422 1275 σλδ
444 1205 505 1289 ξδ’
527 1204 601 1288 ξδ’·
623 1203 681 1273 καὶ
702 1204 755 1292 λγ’
769 1201 1067 1294 ἓξηκοστοτέταρτα
1081 1209 1147 1271 τών
1161 1200 1382 1293 ἑξηκονταδύο
1396 1200 1458 1284 ξδ’

306 1325 322 1374 5
344 1306 408 1392 ξδ’
435 1307 528 1396 ,δμς’
555 1306 617 1389 ξδ’
644 1305 705 1388 ξδ’
731 1312 798 1373 τών
824 1305 885 1386 ξδ’
911 1305 982 1389 ξδ’,
1011 1305 1168 1394 γινόμενα
1189 1307 1375 1377 καὶταῦτα
1397 1303 1458 1386 ξδ’

343 1408 408 1493 ξδ’
436 1409 491 1477 λα’
518 1411 577 1477 καὶ
602 1407 822 1499 ἑξηκονταδύο
849 1409 910 1491 ξδ’
938 1408 999 1490 ξδ’
1025 1410 1092 1475 τών
1113 1407 1174 1490 ξδ’
1196 1406 1266 1489 ξδ’·
1290 1403 1375 1493 δμοῦ
1396 1429 1458 1491 μο-

342 1511 444 1592 νάδος
470 1511 526 1602 κη’
552 1509 849 1609 ἓξηκοστοτύταρτα
876 1509 1083 1579 πεντακόσια
1107 1508 1186 1577 δέκα
1207 1509 1265 1577 καὶ
1286 1506 1458 1598 ἑξηκοντα-

345 1614 408 1683 δύο
430 1613 492 1697 ξδ’
514 1614 575 1697 ξδ’
597 1620 663 1682 τών
684 1613 743 1695 ξδ’
766 1613 835 1696 ξδ’,
857 1613 1011 1700 γινόμενα
1026 1612 1084 1681 καὶ
1097 1613 1203 1680 ταῦτα
1217 1611 1358 1697 μονάδες
1372 1606 1459 1676 ἔπτὰ
1505 1674 1509 1682 ,

342 1714 646 1806 ἑξηκοστατέταρτα
668 1715 721 1802 ξδ’
743 1715 800 1783 καὶ
822 1713 1042 1805 ἑξηκονταδύο
1064 1715 1124 1797 ξδ’
1147 1713 1207 1796 ξδ’
1228 1715 1293 1782 τών
1312 1712 1373 1795 ξδ’
1388 1712 1459 1794 ξδ’,
1569 1740 1571 1745 ’

292 1834 323 1884 10
345 1814 424 1907 ἤτοι
447 1819 489 1885 τά
511 1817 575 1887 δ’λα
595 1818 737 1904 μονάδες
760 1818 810 1886 λε’
832 1818 893 1899 ξδ’
915 1819 977 1901 ξδ’
999 1818 1052 1905 ξδ’
1074 1817 1133 1885 καὶ
1154 1817 1208 1903 ξδ’
1231 1816 1291 1899 ξδ’
1313 1814 1374 1897 ξδ’
1395 1820 1460 1882 τῶν

344 1917 678 2011 ἓξηκοστοτετάρτων·
706 1927 865 1990 τοσοῦτον
890 1922 930 1989 τὸ
955 1919 1103 2006 ἒμδαδδν
1129 1924 1195 1987 τῶν
1223 1917 1282 1986 δύο
1309 1914 1460 2005 ὀρθογω-

344 2018 426 2090 νίων
447 2021 623 2114 τριγώνων.
1533 2019 1536 2024 ’

438 2127 505 2193 Τσύ
537 2120 668 2195 άνώδεν
700 2124 892 2206 ἱσοσκελούς
917 2123 1076 2214 τριγώνου
1102 2124 1141 2192 τδ
1168 2123 1315 2211 ἒμδαδδν
1341 2119 1459 2213 εὑρεῖν·
1486 2145 1499 2185 ε

347 2222 453 2318 άφελε
476 2223 548 2296 δτιδ
570 2228 629 2317 τῆς
651 2226 728 2317 ὅλης
749 2227 896 2296 καθέτου
920 2233 980 2314 τήν
1000 2229 1060 2295 τοῦ
1086 2226 1290 2315 τετραγώνου
1316 2225 1460 2313 πλευρὰν

294 2348 326 2397 15
347 2326 449 2421 ἤγουν
469 2329 619 2415 μονάδας
639 2327 726 2397 ἑπτά
748 2329 807 2396 καὶ
828 2328 884 2396 λα’
903 2329 966 2415 λδ”
988 2328 1061 2415 λδ”·
1083 2328 1203 2396 λοιπαὶ
1218 2326 1359 2414 μονάδες
1373 2324 1461 2393 ἑπτά

346 2431 408 2498 καὶ
428 2430 493 2517 λδ”
514 2432 573 2521 τῆς
593 2431 746 2516 μονάδος,
770 2431 791 2500 ὅ
813 2431 904 2500 ἐστιν
925 2429 1221 2522 ἓξηκοστυτέταρτα
1244 2430 1320 2497 δύο·
1341 2427 1461 2496 τοσού-

346 2558 408 2602 του
435 2529 500 2621 άρα
527 2531 659 2624 ἒστὶνῆ
682 2534 827 2613 κάθετος
847 2534 907 2601 τού
928 2529 1060 2601 άνωθεν
1082 2530 1272 2611 ἶσοσκελοῦς
1292 2527 1462 2617 τριγώνου.

346 2633 368 2727 ἦ
396 2635 434 2703 δὲ
454 2635 556 2721 δύσις
576 2635 694 2705 τούτου
716 2637 801 2704 κατά
821 2637 880 2725 τὴν
900 2635 1074 2724 ποσότητα
1095 2637 1153 2703 τοῦ
1169 2632 1317 2723 ἀριθμοῦ
1330 2633 1389 2722 τῆς
1402 2638 1463 2700 τοῦ
1543 2630 1546 2635 ’

346 2736 552 2825 τετραγώνου
579 2739 740 2827 πλευράς,
767 2734 842 2829 ἤτοι
868 2737 1009 2824 μονάδες
1034 2735 1121 2806 ἑπτά
1148 2738 1205 2805 καὶ
1227 2736 1282 2804 λα’
1304 2734 1367 2823 λδ”
1389 2733 1461 2822 λδ”·

293 2858 326 2909 20
347 2839 476 2908 τούτων
495 2840 535 2908 τὸ
555 2838 658 2930 ἥμισυ
674 2838 798 2929 γίνεται
812 2840 954 2927 μονάδες
969 2839 1002 2928 γ’
1016 2839 1074 2908 καὶ
1089 2839 1141 2927 ξγ’
1155 2838 1460 2930 ἑξηκοστυτὲταρτα.

349 2940 389 3012 αἱ
409 2947 497 3033 τρεῖς
516 2941 659 3028 μονάδες
681 2943 739 3012 καὶ
760 2943 802 3010 τά
824 2942 874 3031 ξγ’
895 2942 955 3026 ξδ’
970 2942 1031 3026 ξδ’
1046 2940 1388 3026 πολυπλασιαζύμενα
1402 2935 1462 3008 ἐπὶ

347 3047 409 3137 τὴν
431 3043 591 3127 κάθετον,
613 3041 712 3135 ἤγουν
733 3044 794 3114 ἐπὶ
814 3046 876 3126 τὰς
896 3043 983 3115 ἑπτά
1004 3045 1154 3132 μονάδας
1175 3044 1233 3112 καὶ
1254 3044 1297 3110 τά
1320 3042 1380 3110 δύο
1402 3043 1441 3124 ξδ

349 3146 425 3231 ξδ’,
448 3144 596 3234 γίνονται
617 3147 759 3234 μονάδες
781 3146 978 3217 εἰκοσιοκτώ
1000 3147 1058 3215 καὶ
1081 3146 1134 3234 ξδ’
1158 3146 1218 3229 ξδ’
1241 3144 1302 3227 ξδ’
1321 3150 1386 3210 τῶν
1400 3142 1462 3224 ξδ’

350 3249 424 3332 ξδ’.
469 3250 800 3334 πολυπλασιάζονται
829 3251 867 3319 δὲ
888 3249 1007 3331 οὕτως·
1032 3250 1064 3337 γ’
1089 3249 1118 3331 ζ’
1140 3236 1205 3315 κα’·
1227 3247 1287 3314 καὶ
1308 3245 1341 3333 γ’
1362 3246 1404 3312 τὰ
1426 3244 1461 3332 δ’
1489 3275 1501 3314 9

294 3370 330 3421 25
351 3351 414 3436 ξδ’
442 3352 504 3434 ξδ’
531 3352 564 3435 ς’
592 3352 654 3434 ξδ’
680 3353 750 3435 ξδ’·
777 3355 836 3421 καὶ
862 3352 914 3440 ξγ’
941 3351 1001 3433 ξδ’
1023 3349 1084 3433 ξδ’
1111 3356 1178 3417 τών
1202 3346 1288 3417 ἑπτά
1309 3344 1463 3433 μονάδων

349 3453 434 3540 υμα’
462 3454 522 3537 ξδ’
548 3454 618 3538 ξδ’·
646 3455 704 3524 καὶ
730 3455 782 3543 ξγ’
804 3455 865 3538 ξδ’
887 3454 948 3539 ξδ’
969 3456 1035 3521 τῶν
1057 3453 1117 3521 δύο
1138 3451 1199 3535 ξδ’
1222 3449 1283 3533 ξδ’
1305 3449 1379 3539 ρκς’
1400 3448 1463 3530 ξδ’

351 3556 414 3640 ξδ’
441 3560 505 3625 τῶν
532 3557 591 3640 ξδ’
613 3557 684 3640 ξδ’,
712 3557 867 3646 γινόμενα
888 3559 947 3626 καὶ
967 3558 1071 3625 ταῦτα
1093 3551 1406 3646 ἓξηκοστοτύταρτον
1428 3551 1463 3619 α’

351 3661 413 3726 καὶ
439 3658 493 3746 ξδ’
519 3659 580 3742 ξδ’
607 3659 667 3742 ξδ’
694 3663 758 3730 τῶν
784 3661 844 3743 ξδ’
871 3660 943 3744 ξδ’·
972 3656 1057 3746 ὁμοῦ
1081 3657 1222 3745 μονάδες
1242 3655 1297 3725 κα’
1319 3654 1380 3738 ξδ’
1403 3654 1464 3738 ξδ’

351 3762 445 3852 υμη’,
472 3761 628 3850 γινόμενα
655 3763 713 3831 καὶ
737 3769 842 3830 ταῦτα
869 3761 1012 3849 μονάδες
1040 3759 1142 3844 ἑπτά,
1166 3760 1223 3829 καὶ
1246 3756 1465 3850 ἑξηκονταδύο

298 3887 332 3936 ³0
353 3865 417 3948 ξδ’
439 3863 500 3946 ξδ’
521 3867 585 3932 τῶν
603 3864 934 3956 ἓξηκοστοτετάρτων,
956 3861 1032 3956 ἤτοι
1052 3866 1094 3931 τά
1109 3861 1171 3932 &aa
1185 3862 1326 3949 μονάδες
1341 3858 1464 3929 εἰκοσι-

354 3968 444 4037 οκτώ
471 3967 530 4036 καὶ
556 3965 776 4059 ἑξηκονταδύο
803 3967 864 4050 ξδ’
891 3968 950 4051 ξδ’
976 3970 1042 4035 τῶν
1064 3966 1124 4048 ξδ’
1148 3965 1216 4047 ξδ’·
1246 3964 1404 4033 τοσούτου
1425 3964 1464 4030 τδ

354 4071 506 4157 ἕμδαδδν
527 4072 666 4140 καὶτοῦ
687 4065 818 4138 άνωθεν
841 4067 1032 4151 ἰουσκελοῦς
1051 4068 1220 4158 τριγώνου.

439 4169 539 4263 ’Άρτι
561 4171 679 4254 σύνθες
700 4173 739 4242 τὸ
759 4172 909 4260 ἒμδαδδν
934 4173 994 4240 τού
1020 4168 1223 4261 τετραγώνου
1244 4164 1343 4258 ἤγουν
1363 4166 1464 4252 μονά-
1492 4189 1518 4227 10

1446 3041 1462 3069 n

357 4278 420 4358 δας
440 4275 491 4364 ξγ’
512 4282 533 4344 8
554 4278 612 4343 καὶ
633 4275 697 4363 λδ”
718 4277 758 4344 τδ
777 4274 850 4364 λδ’,
873 4272 893 4343 ὅ
914 4275 988 4345 ἐστι
1005 4272 1151 4361 τέσσαρα
1166 4267 1467 4362 ἑξηκοστοτέταρτα

366 4425 384 4430 -
395 4424 560 4431 --——..-

382 4560 384 4564 Ι
427 4490 488 4543 cod.
502 4490 533 4542 A.

429 4572 469 4624 19.
486 4567 619 4641 μονάδες]
632 4553 654 4640 μ’
666 4551 688 4640 ᾗ
700 4571 723 4623 Α

413 4659 468 4698 Her.
483 4669 555 4708 geom.
570 4662 595 4700 et
607 4661 713 4700 τίκτουσι.
