3925 5742
504 802 553 851 276
981 801 1138 855 ΛΝΟΝΥΜῙ

449 964 489 1025 76
593 952 636 1020 Τί
656 952 746 1021 ἐστιν
767 949 914 1040 άξίωμα;
926 950 1027 1022 ’Όταν
1047 955 1096 1043 τῷ
1116 935 1503 1042 μανθάνοντάγνάριμσν
1517 948 1539 1043 ᾗ
1554 954 1616 1023 καὶ

503 1049 589 1120 καθ’
614 1050 712 1122 ἑαυτὸ
738 1057 860 1123 πιστδν
885 1056 925 1123 τὸ
953 1055 1293 1145 παραλαμβανόμενον
1315 1052 1364 1135 τίς
1385 1052 1486 1145 ἀρχῆς
1506 1056 1615 1138 τάξιν.

505 1151 635 1242 άξίωμα
656 1158 695 1224 τὸ
716 1157 869 1225 τοιοῦτόν
894 1157 984 1227 ἔστιν
1006 1150 1079 1227 οἷον
1098 1160 1141 1226 τά
1161 1161 1210 1248 τῷ
1233 1156 1323 1249 αὐτῷ
1344 1154 1407 1227 ἰ’σα
1426 1158 1486 1226 καὶ
1509 1155 1616 1249 α’λλῆ-

503 1263 576 1339 λαις
597 1257 666 1329 ίσα.

449 1373 489 1434 77
594 1361 637 1431 Τί
658 1364 748 1432 ἐστιν
768 1364 950 1446 δπόθεσιςς
962 1362 1070 1431 Ὅταν.
1084 1364 1130 1452 μῆ
1152 1359 1278 1431 ἔννοιαν
1300 1359 1356 1454 ἔχη
1372 1359 1391 1431 δ
1407 1360 1539 1430 άκοάων
1552 1364 1614 1431 τοῦ
1635 1376 1650 1425 5

501 1468 677 1556 λεγομένου
699 1468 758 1558 τῆν
779 1465 992 1549 αὖτάπιστον,
1014 1464 1151 1534 τίθεται
1174 1464 1213 1534 δὲ
1235 1462 1359 1551 ὁμοίως
1379 1465 1438 1531 καὶ
1453 1468 1616 1552 συγχωρεῖ

502 1574 551 1662 τῷ
578 1569 795 1658 λαμβάνοντι,
821 1569 861 1637 τδ
887 1576 1039 1637 τοιοῦτον
1066 1565 1235 1651 ὑπόθεσίς
1260 1566 1347 1636 ἐστι·
1361 1567 1413 1643 ,τὸ
1441 1567 1502 1656 γάρ
1525 1558 1613 1633 εἶναι

501 1674 559 1743 τὸν
579 1673 700 1741 κύκλον
721 1674 830 1762 σχῆμα
850 1670 982 1740 τοιόνδε
1003 1673 1089 1738 κατὰ
1110 1672 1169 1761 τῆν
1182 1671 1294 1758 κοινῆν
1308 1666 1437 1738 ἔννοιαν
1451 1667 1489 1736 οὐ
1504 1691 1614 1757 προσ-

503 1776 682 1867 ειλῆφαμεν
709 1773 912 1857 ἀδιδάκτως,
942 1770 1142 1854 άκοάσαντες
1164 1773 1202 1839 δὲ
1224 1772 1450 1859 συγχωροῦμεν
1471 1768 1612 1838 ἀποδεί-

504 1877 585 1957 ξεως
604 1872 713 1965 καρίς·
1635 1879 1665 1930 ¹⁰

448 1976 488 2038 78
593 1976 636 2044 Τι’
663 1977 752 2046 ἐστιν
779 1974 921 2068 α’ίτημα,·
940 1974 1041 2044 Ὅταν
1069 1972 1234 2063 άγνιυστον
1259 1969 1282 2066 ᾗ
1306 1976 1346 2044 τὸ
1373 1974 1562 2062 λεγόμενον,
1594 1970 1616 2063 ῆ

503 2081 547 2169 μῆ
571 2086 813 2166 συγχωροῦντος
833 2081 892 2147 τοῦ
913 2078 1141 2165 μανθάνοντος
1163 2076 1254 2164 ὅμως
1275 2076 1498 2166 λαμβάνηται,
1520 2102 1615 2166 τηνι-

503 2183 621 2263 καῦτα,
650 2178 764 2271 φησίν,
794 2178 920 2272 α’ίτημα
945 2183 1043 2250 τοῦτο
1065 2183 1239 2266 καλοῦμεν·
1264 2171 1335 2248 οἷον
1355 2181 1394 2247 τδ
1417 2178 1532 2259 πάσας
1553 2180 1615 2257 τὰς

505 2280 614 2374 ὀρθάς
635 2280 755 2371 γωνίας
776 2281 854 2365 ἴσας
876 2277 972 2352 εἶναι.

842 2453 904 2524 Ἐκ
931 2459 1006 2525 τῶν
1033 2453 1271 2525 Ἅνατολίου.
1591 2526 1595 2535 ‚
1635 2471 1664 2520 15

447 2556 488 2617 79
589 2555 817 2647 Ἀριστοτέλης
839 2559 1033 2628 συνεστάναι
1048 2560 1108 2649 τῆν
1122 2560 1235 2626 πᾶσαν
1250 2552 1455 2648 φιλοσοφίαν
1468 2554 1506 2623 ἐκ
1520 2561 1614 2623 &oco-

504 2656 577 2747 ρίας
598 2662 656 2726 καί
678 2659 830 2749 πράξεως
852 2658 1013 2745 οἰόμενος,
1035 2660 1094 2727 καὶ
1114 2661 1174 2750 τῆν
1194 2661 1253 2746 μὲν
1271 2659 1457 2749 πρακτικῆν
1471 2660 1615 2745 διαιρῶν

505 2756 553 2839 εἶς
576 2757 703 2849 ῆθικῆν
729 2762 787 2828 καί
815 2762 1006 2851 πολιτικήν,
1034 2763 1092 2852 τῆν
1117 2762 1156 2830 δὲ
1177 2758 1324 2851 θεωρίαν
1346 2758 1394 2840 είς
1413 2761 1615 2847 δεολογικὸν

503 2862 561 2928 καὶ
589 2862 630 2929 τὸ
656 2863 797 2952 φυσικὸν
820 2863 878 2930 καί
900 2865 940 2931 τδ
960 2862 1208 2953 μαθηματικόν,
1229 2862 1322 2949 μάλα
1344 2870 1461 2954 σαφῶς
1481 2864 1542 2933 καί
1564 2861 1614 2931 ἐν·

417 2981 426 3042 j
503 2962 621 3047 τέχνως
641 2964 847 3054 φιλοσοφίαν
870 2956 971 3045 οὖσαν
992 2967 1052 3055 τῆν
1072 2966 1309 3056 μαθηματικήν
1330 2961 1577 3033 ἀποδείκνυσιν.
1633 2978 1665 3028 20

473 3078 486 3116 ²
591 3063 676 3148 [Ὅτι
702 3068 873 3135 Χαλδαῖοι
901 3070 960 3153 μὲν
986 3064 1217 3157 α’στρονομίαν,
1245 3064 1438 3154 Αἰγύπτιοι
1467 3067 1505 3134 δὲ
1532 3090 1614 3153 γεω-

503 3165 639 3255 μετρίαν
660 3169 717 3236 καὶ
740 3167 969 3260 α’ριδμητικῆν
992 3173 1126 3259 ἐξεῦρον]
1463 3180 1466 3184 ’

448 3320 488 3381 80
636 3319 733 3391 Ἅπδ
755 3321 864 3405 τίνος
887 3323 927 3393 δὲ
948 3326 1215 3414 μαθηματικὴ
1240 3320 1478 3414 ὥνομάσθης

590 3422 633 3491 Οὶ
658 3424 718 3508 μὲν
746 3420 816 3491 άπὸ
842 3426 901 3493 τοῦ
929 3423 1119 3512 περιπάτου
1148 3425 1330 3517 φάσκοντες
1356 3433 1532 3517 ῥητορικῆς
1552 3426 1612 3512 μὲν

503 3526 561 3594 καί
576 3528 754 3615 ποιητικῆς
768 3527 946 3618 συμπάσης
958 3552 996 3595 τε
1008 3535 1067 3617 τῆς
1083 3527 1257 3617 δημώδους
1269 3535 1432 3618 μουσικῆς
1443 3526 1613 3597 δύνασθαί
1633 3545 1664 3594 25

572 3739 595 3789 1.
615 3739 671 3790 vido
684 3738 744 3788 ibid.
756 3739 814 3788 inde
826 3754 841 3789 o
853 3755 921 3789 vers.
937 3740 968 3789 12
982 3748 1008 3790 ot
1020 3739 1086 3791 cons.
1100 3756 1177 3806 supra
1189 3757 1243 3807 ουρ.
1258 3742 1302 3806 20,
1316 3743 1328 3793 1
1401 3741 1424 3791 2.
1443 3735 1511 3792 καθ’
1527 3735 1611 3792 ἑαυτὰ

503 3820 534 3884 Β,
555 3812 623 3871 καθ’
645 3814 770 3872 αὑτὸνΒ
857 3820 881 3871 4.
901 3822 961 3884 ἴσα]
985 3817 1085 3877 λσαςΒ
1175 3824 1198 3873 5.
1218 3822 1276 3872 vide
1296 3821 1355 3875 ihio
1377 3822 1434 3872 inde
1455 3837 1471 3871 a
1491 3837 1561 3872 vers.
1580 3822 1611 3871 18

503 3908 529 3952 ot
540 3899 606 3952 conf.
620 3916 696 3967 supro
708 3916 762 3967 ουρ.
777 3900 817 3964 211,
831 3900 846 3949 2
927 3899 999 3969 ἔχων
1009 3902 1050 3954 BF
1135 3903 1159 3954 6.
1178 3897 1256 3971 ὅμως
1268 3919 1344 3970 συρτει
1356 3919 1411 3970 cap.
1424 3903 1457 3953 20
1469 3911 1496 3955 et
1508 3903 1544 3953 He

503 3982 528 4034 8.
547 3983 642 4050 σχῆμα
658 3978 780 4045 τοιόνδε]
798 3980 972 4049 σχηματοιὸν
984 3985 1016 4049 Β,
1029 3984 1124 4052 σχῆμα
1136 3980 1186 4036 τὸν
1197 3984 1218 4035 F
1323 3987 1363 4036 11.
1382 3985 1440 4035 vido
1452 3982 1513 4033 ibid.
1525 3983 1612 4034 indeo

503 4077 571 4113 vers.
587 4061 618 4112 18
705 4063 745 4113 12.
764 4060 965 4132 λαμβάνεταιΒ
1041 4067 1081 4116 15.
1099 4074 1221 4130 excerpto
1233 4081 1266 4116 ox
1278 4065 1397 4118 Anatolio
1411 4065 1490 4115 edidit
1501 4079 1534 4113 ex
1547 4078 1610 4131 opo·

502 4144 597 4209 grapho
614 4143 708 4194 codicis
724 4145 852 4196 cuiusdam
868 4145 1022 4198 Peirosoioni
1039 4144 1172 4196 Fabricius
1188 4146 1215 4195 in
1230 4146 1293 4197 Bibl.
1313 4146 1358 4199 Gr.
1371 4156 1433 4199 tom.
1445 4146 1467 4197 Π
1478 4162 1502 4212 p.
1518 4147 1609 4197 2¹15so.

503 4224 568 4289 (Fa),
581 4223 706 4276 Martinus
718 4241 742 4291 p.
756 4226 912 4292 428-436,
926 4228 967 4293 qui
979 4226 1119 4277 contulisse
1132 4243 1160 4278 se
1172 4229 1233 4281 dicit
1245 4224 1326 4281 libros
1339 4228 1468 4279 Parisinoo
1482 4228 1549 4278 2475
1562 4228 1610 4293 (Β),

502 4305 551 4357 381
565 4307 645 4373 suppL
661 4306 701 4371 (o),
715 4306 781 4357 2385
795 4307 836 4372 (1ης
851 4324 897 4372 ego
911 4307 1008 4359 contuli
1019 4308 1038 4357 Β
1051 4317 1078 4360 ot
1089 4307 1116 4359 Μ
1186 4310 1226 4360 16,
1245 4310 1301 4360 hoio
1314 4309 1390 4375 copiti
1401 4310 1441 4361 Fa
1453 4308 1498 4361 Μυ
1509 4310 1611 4360 titulum

502 4388 643 4453 praefigunt
658 4390 694 4438 Τί
704 4386 764 4438 ἐστι
775 4385 967 4459 μαθηματική,
980 4390 1023 4457 qui
1035 4391 1124 4442 titulus
1137 4391 1210 4442 abest
1222 4390 1303 4441 aBof
1305 4390 1332 4441 M
1402 4389 1441 4441 18.
1460 4390 1610 4461 θεωρίαςΒ

569 4466 735 4536 θεολογικὸν
747 4469 775 4533 Β,
786 4470 939 4540 θεολογίαν
951 4471 978 4522 Μ
989 4471 1036 4523 Mo
1047 4472 1198 4538 (eodemque
1215 4478 1281 4523 teste
1294 4469 1363 4537 Bof,
1379 4472 1425 4522 sed
1437 4472 1468 4521 δε
1480 4472 1500 4523 Β
1512 4472 1611 4539 quidem

501 4547 581 4598 falsus
592 4553 640 4612 ost)
744 4551 786 4602 22.
804 4549 915 4620 ἐξεῦρον
927 4553 1045 4603 omissum
1057 4554 1167 4604 inlibris
1178 4552 1235 4604 odd.
1248 4551 1288 4603 Fa
1390 4553 1432 4605 23.
1451 4550 1491 4617 δὲ]
1504 4572 1521 4619 η
1533 4552 1546 4602 1

502 4628 543 4678 25.
563 4630 692 4698 συμπᾶσι
705 4630 764 4680 libri
1618 4633 1621 4638 '
