3925 5742
841 767 1041 825 ranunnrro'
1459 800 1489 842 n

511 925 545 990 in
568 924 605 990 Μ
627 925 728 991 multo
752 927 962 1013 emendatior,
990 950 1104 1015 quam,
1137 929 1164 994 si
1188 930 1315 998 occasio
1338 932 1430 1018 feret,
1454 932 1489 999 in

511 1032 678 1120 publicum
700 1031 817 1116 edam].

374 1139 441 1204 His
465 1138 608 1206 accedit:

466 1245 501 1311 N
525 1273 566 1302 =
590 1244 826 1310 Ambrosianus
855 1268 875 1310 a
897 1245 986 1313 Maio
1016 1258 1090 1336 post
1108 1249 1221 1316 Iliadis
1250 1251 1434 1338 fragmenta
1458 1261 1490 1319 et
1590 1302 1594 1310 ι

376 1354 522 1441 picturas
551 1352 664 1418 editus.
711 1349 864 1419 Continet
891 1364 1020 1441 praetor
1048 1354 1228 1442 Didymum
1256 1358 1347 1424 varia
1378 1357 1490 1424 Hero-

377 1460 487 1540 niana,
512 1460 595 1547 quae
619 1466 765 1526 extrema
787 1457 849 1522 hac
872 1461 1073 1547 praefatione
1096 1462 1283 1550 singillatim
1300 1462 1490 1531 describam.

377 1567 531 1654 Denique
569 1565 728 1632 benevolo
765 1563 897 1631 Ottonis
929 1567 1030 1634 Jahni
1065 1569 1170 1635 studio
1207 1570 1320 1658 accepi
1353 1593 1490 1658 apogra-

377 1673 479 1759 phum
502 1672 742 1739 accuratissimo
765 1672 962 1760 descriptum
986 1696 1028 1738 ex

468 1777 500 1844 O
526 1805 567 1834 =
590 1776 803 1865 Lugdunensi
826 1776 896 1845 MS.
912 1777 971 1845 Gr.
987 1779 1082 1845 Voss.
1101 1778 1141 1846 Ο.
1164 1779 1212 1863 17.
1257 1784 1326 1848 ‹sa
1348 1784 1490 1849 Biblioth.

383 1888 452 1950 Viri
473 1887 590 1950 Illustr.
606 1887 649 1951 Ia
670 1888 768 1950 Vossii
783 1884 876 1948 1692.
923 1885 985 1950 Est
1009 1886 1207 1966 chartaceus,
1233 1888 1323 1956 cuius
1347 1888 1490 1957 scidulae

379 2015 398 2056 a
422 1991 558 2078 singulis
581 2000 707 2056 tantum
722 1991 867 2078 partibus
883 1989 1057 2080 inscriptae
1074 2001 1163 2079 sunt,
1189 1994 1332 2063 continet
1346 1995 1401 2060 fol.
1421 1997 1492 2060 1-

381 2103 418 2165 11
446 2097 642 2184 Didymum,
672 2097 727 2162 fol.
753 2097 898 2161 12-18
921 2098 1057 2164 Eusehii
1080 2099 1252 2189 Pamphyli
1280 2103 1427 2188 eclogam
1451 2101 1491 2168 de

379 2204 540 2273 mensuris
563 2212 595 2269 ot
616 2203 829 2292 ponderibus,
860 2203 979 2269 editam
1004 2229 1023 2272 a
1046 2207 1139 2272 nobis
1163 2207 1197 2271 in
1219 2204 1339 2296 Script.
1363 2209 1489 2274 metrol.

379 2314 419 2379 fr.
445 2313 505 2394 88,
537 2311 675 2398 denique
705 2312 760 2374 <In
787 2313 969 2376 Frontinum
997 2321 1141 2396 ercerpto
1170 2315 1317 2397 quaedum
1346 2335 1385 2380 aa
1413 2319 1505 2380 notia

379 2421 456 2485 Jaai
479 2421 670 2483 Parrhasiis
715 2415 835 2484 Omnia
859 2418 973 2484 eadem
996 2442 1111 2485 manus
1138 2419 1294 2486 exaravit.

470 2524 645 2590 Praeterea
668 2523 880 2611 explicandae
903 2534 977 2589 sunt
1000 2533 1095 2591 notae
1118 2524 1316 2592 librorum
1332 2525 1418 2615 typis
1435 2547 1490 2592 ex·

380 2655 566 2723 pressorum
602 2653 738 2718 quorum
772 2631 854 2696 ratio
887 2630 1037 2697 habenda
1064 2630 1126 2696 fuit
1153 2631 1187 2697 in
1216 2632 1267 2697 his
1293 2632 1492 2700 Heronianis

381 2738 528 2826 reliquiis
551 2736 702 2803 odendis:

471 2848 521 2909 Ba
545 2872 586 2902 =
610 2842 763 2909 Damiani
785 2842 968 2932 philosophi
983 2843 1153 2910 Heliodori
1168 2844 1330 2912 Larissaei
1353 2843 1393 2910 de
1410 2845 1491 2934 opti·

381 2953 430 3018 cis
452 2950 528 3016 libri
551 2949 596 3033 II,
620 2949 697 3014 editi
720 2951 762 3016 ab
785 2950 842 3015 Er.
865 2950 1066 3016 Bartholino.
1089 2951 1192 3017 Paris.
1221 2951 1316 3017 1657.

473 3063 526 3124 Da
550 3087 592 3116 =
616 3057 764 3124 Fuclidis
788 3058 1019 3123 clementorum
1041 3058 1125 3124 libor
1147 3058 1277 3147 primus.
1323 3057 1408 3124 Item
1422 3057 1492 3124 He-

381 3166 472 3234 ronis
493 3164 709 3232 Alexandrini
738 3164 897 3230 vocabula
927 3164 1085 3252 quaedam
1113 3165 1327 3252 geometrica:
1355 3165 1493 3231 antehac

381 3296 549 3361 nunquam
573 3273 673 3354 edita,
704 3293 821 3359 graece
849 3279 882 3336 et
903 3271 1013 3336 latine.
1058 3270 1123 3335 Per
1145 3269 1191 3336 M.
1216 3269 1403 3336 Ounradum
1425 3271 1505 3337 Da·¹

382 3379 566 3469 sypodium.
612 3378 814 3465 Argentinae
846 3377 941 3443 1571.
966 3416 1008 3425 -
1033 3377 1122 3445 Anni
1151 3399 1303 3444 numerus
1329 3377 1412 3443 1571
1437 3399 1503 3443 ex-.

383 3497 447 3552 stat
475 3487 509 3551 in
529 3485 686 3575 exemplo
709 3484 902 3571 Dresdensi,
931 3485 1134 3572 eundemque
1162 3485 1301 3551 afferunt
1322 3483 1494 3551 Fabricius

382 3595 417 3660 in
440 3594 525 3660 Bibl.
550 3592 609 3659 Gr.
633 3602 655 3658 t
677 3592 713 3658 II
736 3616 766 3679 p.
782 3593 848 3657 594
871 3601 904 3658 et
925 3591 1085 3658 Martinus
1107 3616 1138 3680 p.
1165 3591 1226 3657 108
1251 3591 1324 3657 adn.
1371 3589 1494 3658 Sedis

383 3699 455 3766 aliis
492 3699 650 3786 exemplis
678 3721 830 3764 numerus
860 3697 946 3763 1570
973 3720 1145 3786 expressus
1174 3719 1245 3764 esse
1273 3698 1416 3782 videtur,
1452 3697 1493 3763 si-

383 3806 516 3895 quidem
550 3806 630 3871 fides
659 3805 807 3872 habenda
835 3804 1058 3891 Hasenhalgio
1089 3804 1141 3893 (p.
1157 3803 1252 3893 III),
1282 3804 1338 3892 qui
1367 3803 1495 3870 disertis

382 3913 492 3980 verbis
517 3911 595 3978 dicit
619 3912 704 4000 apud
726 3911 912 3978 Fabricium
935 3913 1017 3977 falso
1039 3911 1106 3998 legi
1133 3911 1228 3978 1571.

471 4023 520 4084 Fa
545 4047 585 4076 =
610 4017 753 4084 Fabricii
776 4018 1001 4084 Bibliothecae
1025 4017 1175 4086 Graecae
1202 4018 1286 4084 liber
1314 4017 1367 4084 III
1396 4015 1442 4105 (h.
1466 4038 1494 4082 e.
1632 4080 1634 4085 .

383 4135 461 4192 tom.
485 4125 545 4213 Π).
592 4125 774 4213 Hamburg.
800 4125 894 4191 1707.

420 4280 426 4289 .
473 4236 526 4297 Ηα
551 4261 593 4289 =
616 4231 759 4297 Heronis
788 4229 1003 4297 Alexandrini
1032 4231 1237 4297 definitiones
1266 4229 1494 4318 geometricae.

383 4338 563 4405 Recensuit
584 4337 786 4426 Hasenhalg.
810 4335 1032 4404 Stralsundiae
1058 4337 1154 4403 1826.
1231 4324 1235 4329 ’

472 4447 522 4510 He
551 4474 592 4503 =
623 4439 780 4512 Εὐκλείδου
809 4442 962 4527 στοιχείων
992 4449 1072 4524 βιβλ.
1098 4449 1132 4508 ff.
1179 4443 1229 4523 Εἰς
1258 4441 1310 4509 roii
1342 4435 1433 4508 adteri
1461 4435 1496 4507 τδ

387 4552 507 4636 πρῶτον,
524 4546 710 4640 ἔξηγημοίτων
726 4546 862 4635 Πρόκλου
876 4558 957 4632 βιβλ.
971 4541 998 4618 d.
1034 4551 1183 4617 Basileae
1198 4552 1284 4639 apud
1299 4550 1324 4618 J
1326 4574 1398 4618 oen.
1410 4549 1500 4616 Her·¹
