3925 5742
807 775 1001 830 mansum,
1408 783 1459 836 203

347 929 406 1021 ἐφ’
428 928 554 998 ἑαυτῶν
576 923 646 996 άπδ
665 927 790 997 τούτων
810 927 923 1019 ύφτλε·
945 929 1052 995 λοιπά
1067 930 1140 1016 ξδ’·
1163 930 1287 1018 γίνεται
1301 935 1458 1003 τοσούτου

347 1029 551 1121 ἡκάδετος·
573 1030 613 1098 τὸ
636 1030 673 1098 δὲ
693 1030 837 1120 στερεόν·
859 1032 902 1098 τά
925 1030 974 1119 ιη’
996 1029 1052 1122 ἐφ’
1068 1029 1185 1100 ἑαυτά·
1205 1037 1310 1102 ταῦτα
1325 1035 1384 1105 ἐπὶ
1398 1038 1459 1127 τήν

348 1134 510 1202 κάθετον·
531 1130 692 1201 τοσούτου
714 1129 810 1200 ἔσται
830 1135 871 1203 τὸ
891 1134 1033 1221 στερεόν.

370 1303 577 1393 Μίτρησις
602 1299 830 1391 πυραμίδος
856 1303 1101 1392 τετραγώνου
1122 1305 1433 1397 τεθραυσμένης,
1473 1309 1513 1370 42

308 1422 325 1471 5
677 1403 889 1472 τουτέστιν
914 1402 1135 1494 ἡμιτελοῶς.
1305 1491 1308 1496 ⁸

433 1517 488 1589 Αἱ
510 1517 650 1606 πλευραί
671 1521 731 1608 τῆς
751 1525 896 1608 κορυφῆς
919 1516 981 1586 άνά
1004 1521 1119 1588 ποδῶν
1141 1521 1181 1603 δ’,
1204 1523 1246 1589 τά
1266 1523 1303 1590 δὲ
1317 1523 1460 1610 κλίματα

350 1621 412 1690 άνά
441 1625 558 1691 ποδῶν
581 1621 634 1702 ιε’,
658 1616 694 1687 αί
716 1619 755 1687 δὲ
776 1627 835 1709 τῆς
856 1619 989 1706 βάσεως
1010 1624 1151 1710 πλευραὶ
1174 1622 1235 1691 άνά
1257 1628 1372 1693 ποδῶν
1394 1625 1458 1716 κη’·

348 1723 451 1815 εὑρεῖν
471 1727 511 1793 τδ
534 1721 679 1810 στερεόν·
712 1719 815 1814 άφελι
836 1725 985 1813 κορυφήν
1007 1720 1076 1792 άπδ
1099 1726 1243 1810 βάσεως·
1269 1729 1373 1795 λοιπά
1395 1727 1458 1796 κδ’·

348 1821 393 1896 ὦν
413 1830 454 1895 τδ
474 1834 508 1895 8·
537 1823 594 1916 ἐφ’
616 1822 735 1893 ἑαυτά·
763 1827 821 1893 καί
842 1827 882 1894 τὸ
903 1823 1021 1910 κλίμα·
1047 1824 1148 1917 ὕφελε
1168 1829 1210 1895 τά
1232 1829 1324 1916 ρμδ’·
1353 1830 1458 1898 λοιπά

294 1949 327 1999 1⁰
349 1931 427 1997 πα’·
459 1929 620 1998 τοσούτου
653 1924 673 2018 ἦ
707 1928 854 2006 κάθετος
881 1930 941 1996 τοῦ
966 1931 1220 2018 τετραποδικσῦ.
1270 1931 1328 1998 καὶ
1356 1932 1459 1998 πάλιν

347 2030 450 2122 άφελε
477 2030 638 2120 κορυφήν·
666 2024 712 2097 ῶν
737 2032 777 2097 τδ
799 2036 834 2097 8·
860 2027 920 2119 ἐφ’
942 2027 1044 2098 ἑαυτά
1067 2032 1212 2116 γίνονται
1234 2033 1326 2120 ρμδ’·
1357 2032 1395 2115 ἒξ
1414 2027 1459 2101 ὧν

347 2134 410 2201 πα’
431 2136 492 2202 τοῦ
512 2135 772 2220 τετραποδικοῶ·
794 2133 903 2199 λοιπά
924 2131 987 2218 ξμ’·
1009 2133 1125 2202 τούτου
1149 2137 1274 2220 πλευρά
1296 2159 1458 2221 τετραγω-

346 2235 436 2326 νική·
462 2234 627 2303 τοσούτου.
649 2230 669 2325 ἦ
692 2233 847 2314 κάθετος.
880 2235 920 2302 τὸ
941 2234 979 2300 δὲ
1001 2235 1145 2323 στερεόν·
1171 2235 1293 2316 ου’νδες
1313 2239 1459 2328 κορυφὴν

347 2340 403 2406 καὶ
425 2337 540 2425 βάσιν·
564 2329 609 2402 ῶν
629 2338 670 2403 τὸ
691 2342 711 2402 S
735 2335 790 2417 ις’·
813 2332 870 2424 ἐφ’
891 2334 1007 2402 ἑαυτά·
1029 2336 1113 2422 λάβε
1133 2341 1280 2428 κορυφήν
1302 2339 1372 2408 άπδ
1393 2341 1459 2426 βά-

294 2459 327 2508 15
348 2465 448 2520 στας·
480 2431 526 2506 ὦν
548 2439 588 2505 τδ
613 2442 647 2504 8·
680 2433 736 2526 ἐφ’
764 2434 879 2504 ἑαυτά·
910 2437 1037 2516 τούτων
1061 2439 1101 2506 τὸ
1128 2437 1182 2524 μ’·
1216 2438 1358 2526 γίνονται
1387 2441 1457 2532 μη’·

347 2541 500 2628 πρόσθες
524 2541 603 2621 τούς
629 2538 715 2620 σνς’·
742 2537 889 2625 γίνονται
917 2538 988 2605 τδ’·
1014 2542 1120 2606 ταῦτα
1146 2539 1206 2609 ἐπί
1232 2544 1290 2634 τὴν
1311 2543 1459 2612 κάθετον

348 2643 493 2730 γίνονται
515 2642 621 2722 πόδες
641 2640 759 2730 ,βρκη’·
781 2641 942 2709 τοσούτου
963 2643 1003 2710 τὸ
1025 2642 1165 2728 στερεόν.

593 2808 799 2901 Μέτρησις
819 2811 944 2879 κῶνου
968 2809 1214 2894 ίσοσκελοῦς.
1474 2819 1514 2882 43

435 2911 562 2998 [Κάνου
578 2911 775 2997 ίσοσκελοῶς]
791 2906 829 2981 οὗ
843 2911 863 3003 ἦ
881 2914 1058 3003 διάμετρος
1073 2918 1188 2985 ποδῶν
1204 2916 1259 3001 ιδ’,
1271 2914 1291 3009 ἦ
1305 2916 1344 2986 δὲ
1355 2921 1458 2986 πλευ-

292 3030 325 3082 20
345 3018 388 3107 ρά
402 3018 520 3085 ποδῶν
542 3014 587 3084 ι’·
609 3012 702 3082 ποίει
726 3013 842 3096 οὕτως·
865 3019 974 3104 λοβῶν
988 3019 1046 3105 τὴν
1059 3018 1257 3106 περίμετρον
1269 3021 1312 3087 τά
1326 3019 1386 3105 μδ’
1399 3021 1457 3089 καί

345 3116 622 3187 πολυπλασίασον
643 3115 701 3185 ἐπὶ
723 3119 766 3185 τά
789 3119 827 3186 ι’·
850 3110 895 3186 ῶν
915 3121 954 3191 τδ
976 3125 998 3186 8
1019 3118 1145 3206 γίνεται
1168 3122 1231 3188 στ’·
1255 3121 1412 3190 τοσούτου
1435 3118 1456 3211 ἦ

344 3221 540 3314 ἐπιφάνεια.

602 3321 836 3413 ἱιΜάτρησις
856 3323 981 3392 κοίνου
1003 3324 1208 3414 κολούρου.
1471 3327 1513 3389 44

434 3425 562 3510 [Κῶνου
584 3425 750 3513 κολούρου]
776 3419 814 3494 οὗ
834 3424 854 3516 ἡ
869 3426 960 3495 κάτω
977 3428 1154 3515 διάμετρος
1168 3428 1284 3495 ποδῶν
1301 3425 1365 3510 ιδ’,
1380 3423 1401 3517 ἦ
1418 3425 1457 3494 δὲ

291 3541 325 3592 25
346 3522 416 3595 ἷίνιο
443 3528 557 3594 ποδῶν
583 3526 620 3610 ε’,
648 3529 688 3595 τδ
714 3526 805 3617 ὕψος
826 3530 940 3595 ποδῶν
963 3529 1007 3612 ζ’·
1038 3526 1140 3620 εύρῶν
1160 3529 1220 3619 τήν
1241 3526 1457 3618 ἐπιφάνειαν·

346 3629 433 3718 ζητῶ
454 3631 587 3716 πρῶτον
607 3629 650 3696 τά
671 3626 829 3715 κλίματα·
852 3623 897 3696 ῶν
919 3627 995 3699 άνευ
1018 3631 1218 3723 ἐπιφανείας
1240 3627 1279 3698 ού
1302 3630 1456 3699 δυνατόν·

345 3727 417 3799 άπδ
439 3733 497 3819 τῆς
517 3728 668 3815 μείζονος
690 3731 868 3821 διαμέτρου
891 3731 1027 3824 ἀφαιρῶ
1048 3737 1087 3803 τὸ
1109 3740 1144 3802 8·
1167 3735 1225 3802 καί
1246 3731 1457 3820 λαμβάνομεν

414 3961 475 4013 Cod.
489 3958 547 4012 IRL

416 4041 438 4092 1.
456 4037 570 4107 τούτων]
583 4043 634 4094 τοῦ
644 4042 729 4109 vicli
784 4041 962 4098 τοσούτυνίἰ
1031 4044 1055 4095 3.
1075 4041 1153 4095 ἔσται
1164 4041 1196 4095 τὸ
1210 4040 1331 4114 στερεόν]
1345 4042 1394 4096 ἐπὶ
1404 4040 1456 4110 τὴν

343 4119 468 4174 κάθετον
479 4123 539 4173 libri
624 4126 649 4176 4.
667 4125 893 4192 τεθρασμένηςΙι
978 4124 1002 4175 8.
1019 4121 1116 4190 λοιπά]
1127 4124 1231 4179 λοιπὸν
1242 4125 1277 4190 L,
1294 4126 1407 4192 'uiamque
1419 4124 1454 4177 111

344 4219 391 4271 per
403 4205 589 4270 compendium
603 4205 639 4255 εἰσ
652 4206 728 4256 etiam
739 4204 806 4257 infra
886 4207 910 4257 9.
928 4206 974 4256 καὶ
988 4204 1073 4257 σοι.Ιί
1144 4207 1183 4257 10.
1196 4215 1223 4258 et
1237 4207 1276 4258 12.
1289 4205 1454 4274 τετραπεδι-

344 4282 431 4336 2051<
501 4285 542 4337 11.
560 4279 644 4355 ύφελε
656 4286 678 4337 L
748 4287 787 4338 19.
799 4284 903 4340 Κῶνου
915 4288 1077 4344 ὶσοσνελοῦς
1088 4302 1136 4338 om.
1149 4286 1194 4351 IL,
1208 4304 1237 4339 ιο
1249 4289 1351 4339 videtur
1363 4295 1453 4339 auctor

344 4367 419 4418 huius
430 4366 591 4419 oollectionis
602 4367 643 4418 hic
655 4375 682 4419 et
691 4383 745 4435 cap.
755 4370 789 4420 44
799 4369 915 4421 similiter
925 4369 1060 4435 scripsisse
1070 4384 1100 4419 ιε
1109 4384 1163 4434 cap.
1173 4370 1206 4420 47
1217 4376 1243 4421 et
1252 4371 1286 4422 49
1338 4367 1379 4419 20.
1391 4364 1456 4426 τοὺς
1494 4433 1496 4438 Ι

341 4441 444 4516 μάἸΙι
513 4447 554 4500 21.
572 4448 862 4502 πολλαπλασίασονίί
931 4450 972 4500 23.
992 4445 1089 4512 κῶνου]
1103 4444 1225 4501 κύκλουΙ
1294 4450 1335 4501 24.
1354 4445 1456 4503 Κοίνου

342 4522 482 4594 κολοάρου
494 4543 543 4579 om.
555 4527 588 4578 IL
656 4524 730 4580 κάτω
742 4527 900 4597 διάμετρος]
915 4526 1065 4598 διάμετρος
1076 4527 1150 4581 κάτω
1161 4529 1182 4595 l,
1194 4525 1344 4600 διάμετρος
1354 4529 1456 4583 ιιατὰῑι

413 4608 454 4659 25.
477 4604 620 4662 {boalia
689 4607 878 4682 21.άφαίρω1
