3925 5742
447 1611 505 1703 Ex
525 1635 669 1703 Heronis
683 1636 898 1705 Alexandrini
920 1639 1011 1706 libris
1033 1642 1239 1728 geometricis
1254 1643 1468 1714 Definitiones

354 1744 525 1810 nominum
549 1743 746 1831 geometriae
771 1744 943 1810 admodum
967 1746 1179 1834 incomposite
1203 1771 1322 1837 easque
1342 1776 1401 1839 pro
1418 1777 1467 1819 ar-

356 1850 455 1916 bitrio
482 1851 646 1917 mutilatas
670 1849 816 1916 ediderat
838 1852 990 1918 trecentis
1013 1854 1081 1918 fere
1103 1854 1221 1920 abhinc
1244 1856 1337 1922 annis
1360 1858 1467 1945 Dasy-

355 1956 484 2044 podius.
531 1956 616 2022 Tum
639 1957 796 2044 perlongo
819 1958 922 2045 spatio
938 1982 1040 2046 usque
1056 1959 1174 2024 adhoc
1191 1964 1355 2028 saeculum
1370 1964 1467 2031 inter·
1513 2023 1517 2029 .

356 2062 457 2127 misso
481 2061 630 2148 Angelus
653 2060 759 2126 Maius
783 2062 942 2149 quaedam
958 2063 1148 2131 Heroniana
1172 2065 1292 2133 inscius
1314 2070 1385 2157 ipse
1408 2073 1467 2140 sub

355 2167 494 2256 Didymi
521 2167 615 2233 titulo
644 2168 850 2254 vulgaverat3
883 2168 940 2235 sed
966 2193 1006 2235 ea
1029 2171 1075 2235 sic
1097 2172 1165 2236 fere
1188 2174 1355 2261 incognita
1377 2200 1467 2243 man·

356 2283 478 2358 serunt,
503 2273 596 2362 quasi
617 2297 782 2362 nunquam
806 2275 892 2341 edita
908 2284 1026 2342 essent.
1072 2277 1124 2342 Ac
1139 2276 1309 2344 videbatur
1324 2283 1467 2348 futurum

356 2403 439 2464 esse,
462 2389 500 2446 ut
522 2379 648 2446 infinita
671 2381 705 2446 in
729 2382 890 2448 oblivione
905 2382 1048 2448 Heronis
1072 2383 1270 2470 geometrica
1293 2395 1326 2451 et
1348 2396 1467 2454 stereo-

354 2486 493 2552 metrica
515 2487 635 2574 sciipta
657 2487 811 2572 iacerent,
835 2489 898 2554 nisi
913 2487 1110 2555 Letronnius
1134 2499 1166 2555 et
1181 2488 1341 2558 Martinus
1365 2517 1403 2560 11
1426 2518 1468 2561 ex

355 2594 500 2661 tenebris
531 2593 664 2660 minime
691 2594 814 2660 meritis
843 2595 905 2682 ipsi
935 2595 1068 2683 egregie
1093 2596 1133 2661 de
1157 2597 1244 2662 omni
1267 2601 1468 2688 antiquitatis

356 2699 465 2767 studio
496 2710 657 2766 merentes
679 2700 917 2789 produxissent.
965 2700 1111 2780 Quorum
1134 2704 1263 2791 utrique
1285 2696 1371 2793 quae
1392 2731 1468 2795 pars

355 2808 462 2874 laudis
485 2807 651 2892 debeatur,
674 2794 746 2875 aliis
768 2808 849 2874 locis
872 2809 949 2875 satis
973 2810 1118 2896 exposui,
1137 2832 1222 2896 quae
1243 2811 1468 2901 hicrepetere

356 2916 444 2981 nolo.
490 2915 562 2981 Iam
593 2938 667 2981 cum
694 2915 757 2980 hoc
787 2914 952 2981 volumine
975 2914 1118 2981 Heronis
1141 2918 1412 3003 geometricorum
1435 2930 1469 2987 et

357 3021 674 3088 stereometricorum
701 3021 854 3109 reliquias
884 3044 996 3088 omnes
1025 3045 1111 3088 nunc
1139 3023 1279 3110 primum
1307 3049 1349 3091 ex
1376 3026 1467 3094 libris

356 3152 456 3194 manu
481 3127 608 3215 scriptis
631 3128 733 3194 editas
756 3128 790 3193 111
813 3127 956 3193 medium
970 3129 1145 3215 proferam,
1169 3152 1235 3194 non
1250 3139 1316 3195 tam
1333 3131 1365 3197 id
1381 3133 1468 3220 quod

355 3244 509 3302 exactum
537 3243 586 3300 111
615 3234 763 3322 gloriari,
793 3258 891 3323 quam
921 3256 1006 3322 quae
1035 3235 1131 3300 etiam
1159 3259 1245 3301 nunc
1268 3237 1468 3324 exquirenda

358 3351 391 3407 11
419 3340 609 3407 illustranda
637 3341 715 3426 sint,
744 3342 843 3408 velim
873 3340 1052 3406 ostendere.
1098 3340 1184 3407 Nam
1211 3350 1382 3430 postquam
1405 3345 1468 3410 viri

357 3448 422 3514 duo
446 3469 527 3534 quos
551 3446 659 3511 statim
681 3446 750 3512 dixi
773 3447 814 3513 de
836 3447 970 3512 Herone
993 3447 1040 3512 ita
1062 3447 1322 3535 disputaverunt,
1348 3458 1383 3515 ut
1405 3451 1467 3538 ipsi

357 3553 547 3619 Heroniana
568 3553 603 3618 in
626 3553 791 3620 codicibus
814 3555 972 3641 legerent,
997 3577 1070 3620 cum
1092 3555 1224 3643 reliquis
1241 3555 1353 3622 eodem
1369 3558 1466 3624 bene·

357 3658 432 3724 ficio
456 3659 504 3724 uti
525 3681 592 3724 non
614 3658 737 3742 liceret,
752 3684 839 3725 nunc
854 3660 916 3725 hoc
932 3660 1022 3726 fonte
1037 3660 1072 3725 in
1087 3661 1230 3726 omnium
1246 3685 1339 3728 usum
1355 3673 1467 3751 aperto

358 3789 397 3830 ac
419 3766 582 3852 patefacto
605 3765 714 3832 variae
737 3766 943 3854 quaestiones
966 3789 1050 3854 quae
1066 3766 1107 3831 ad
1122 3766 1290 3833 Heronem
1305 3769 1467 3856 pertinent

358 3873 400 3937 ab
423 3870 511 3936 omni
532 3880 625 3958 parte
647 3872 872 3939 retractandae
895 3896 965 3939 esse
988 3873 1156 3957 videntur,
1184 3882 1221 3939 ut
1243 3875 1466 3942 communibus

358 3978 533 4044 multorum
556 3977 670 4043 studiis
685 4001 782 4066 quam
797 3978 937 4066 prImum
952 3979 994 4045 ad
1009 3979 1108 4044 tinem
1121 3980 1346 4066 perducantur.
1383 3979 1467 4047 Sunt

358 4084 458 4172 igitur
493 4083 718 4150 commentarii
753 4084 931 4166 scribendi,
966 4085 1082 4172 quibus
1111 4086 1334 4173 antiquissima
1363 4089 1467 4153 forma

357 4191 514 4256 librorum
537 4188 816 4274 Heronianorum,
846 4200 1003 4279 quantum
1028 4191 1099 4255 fieri
1122 4191 1240 4278 possit,
1269 4191 1466 4277 restituatur,

359 4305 391 4360 et
419 4294 691 4383 quemadmodum
719 4295 818 4362 iidem
845 4297 921 4364 libri
950 4298 1054 4385 magis
1081 4297 1250 4384 magisque
1272 4306 1385 4385 postea
1406 4299 1467 4364 im·

358 4401 474 4468 mutati
502 4401 583 4485 sint,
613 4401 858 4470 demonstretur.
908 4405 1082 4470 Praeterea
1109 4412 1217 4469 autem
1244 4428 1466 4493 quaecumque

357 4532 442 4574 nova
465 4531 529 4573 nec
552 4509 657 4576 adhuc
681 4510 812 4596 cognita
833 4511 869 4578 in
891 4511 941 4577 his
957 4510 1100 4578 Heronis
1116 4510 1244 4600 scriptis
1260 4510 1468 4579 inveniuntur
